3180 5178
746 421 953 482 „72..

280 612 375 696 plices
387 611 544 676 sedissent
560 612 590 672 in
608 609 800 693 Nicephorio
817 608 919 690 asylo,
944 609 1026 692 quod
1045 611 1070 673 si
1087 610 1167 694 asyli
1182 610 1230 672 ius
1247 615 1313 672 turn
1335 619 1414 673 tem-

280 717 366 801 poris
397 717 426 780 ei
453 715 572 794 fuisset,
597 721 684 778 certo
708 713 791 777 idem
815 713 1014 796 praebuisset
1036 713 1190 778 Romanis
1215 714 1410 796 supplicibus

279 819 473 904 praesidium
498 825 529 881 et
546 817 704 901 refugium
721 817 802 900 quod
820 816 1004 900 Aesculapii
1019 816 1181 899 templum.
1227 818 1332 891 Quare
1351 821 1413 883 hoc

282 933 427 1010 tempore
450 922 523 984 belli
541 920 746 984 Mithridatici
769 941 828 982 nec
852 941 915 983 non
931 919 1049 984 Tiberii
1069 925 1174 983 aetate
1186 919 1412 1005 Nicephorium

282 1033 425 1090 nostrum
441 1024 564 1108 asylum
587 1043 650 1086 non
667 1024 730 1086 iam
746 1022 842 1086 luisse
859 1022 1039 1085 coniectura
1063 1023 1121 1084 erit
1137 1024 1215 1086 satis
1232 1024 1413 1106 probabilis.

384 1129 434 1191 De
458 1126 642 1210 Aesculapii
663 1126 782 1210 templo
807 1125 888 1210 asyli
911 1126 980 1189 inre
1003 1125 1163 1208 gaudente
1186 1113 1313 1190 Tacitus
1337 1129 1434 1203 haec

283 1231 432 1298 narrat:¹
461 1228 615 1296 ‘consules
644 1230 728 1314 apud
767 1230 959 1313 Pergamum
997 1230 1181 1312 Aesculapii
1217 1240 1414 1314 compertum

282 1337 404 1422 asylum
418 1331 626 1416 rettulerunt’,
644 1333 811 1418 exquibus
826 1334 931 1397 uerbis
948 1333 1072 1417 asylum
1087 1340 1230 1397 nostrum
1244 1335 1416 1418 priuilegiis

283 1443 385 1506 nisum
407 1439 504 1504 fuisse
528 1437 673 1502 concludi
696 1443 811 1522 potest,
836 1437 949 1519 quibus
973 1436 1098 1521 quidem
1129 1429 1319 1502 examinatis
1343 1459 1415 1502 con-

282 1545 376 1626 sules,
402 1544 478 1629 quin
501 1544 723 1606 auctoritatem
747 1541 1010 1604 documentorum
1034 1540 1072 1604 de
1096 1542 1281 1625 Aesculapii
1304 1542 1414 1624 templi

282 1647 360 1732 asyli
383 1648 450 1710 iure
474 1646 644 1709 allatorum
666 1646 849 1730 probarent,
873 1644 979 1708 facere
1002 1665 1065 1707 non
1089 1651 1248 1728 poterant.

384 1749 564 1833 Aesculapii
589 1757 696 1812 autem
725 1750 828 1812 cultus
859 1748 942 1832 apud
976 1748 1196 1831 Pergamenos
1224 1751 1413 1835 praecipuus
1471 1811 1474 1816 .

282 1860 422 1935 exstitit,
446 1874 540 1939 quem
563 1852 745 1937 Epidauro,
769 1852 820 1916 dei
842 1852 942 1916 nostri
964 1853 1085 1936 patria,
1112 1852 1290 1918 traduxisse
1314 1854 1415 1918 fertur

159 1947 162 1952 ’
282 1959 417 2022 Archias
441 1958 568 2043 quidam
593 1980 610 2020 a
634 1958 842 2022 conuulsione
866 1957 1080 2020 membrorum
1103 1957 1255 2041 Epidauri
1272 1965 1414 2036 sanatus,

281 2070 316 2126 ut
345 2062 443 2126 refert
473 2061 672 2126 Pausanias.²
723 2061 837 2144 Itaque
872 2062 934 2123 iam
963 2061 1187 2142 antiquissimis
1217 2063 1413 2145 temporibus

284 2168 494 2250 Aesculapius
518 2167 600 2229 inter
611 2166 782 2249 praecipua
798 2164 1070 2248 Pergamenorum
1094 2165 1223 2228 numina
1239 2166 1412 2250 colebatur,

282 2293 363 2356 quae
386 2270 512 2355 quidem
535 2269 648 2352 religio
672 2275 798 2332 seruata
821 2275 867 2332 est
890 2289 945 2353 per
969 2290 1061 2334 omne
1084 2275 1219 2353 tempus.
1249 2271 1352 2332 Immo
1376 2276 1412 2333 ut

281 2398 322 2440 ex
345 2374 445 2437 Taciti
469 2374 574 2438 uerbis
598 2373 744 2436 discimus
767 2372 846 2457 asyli
870 2373 937 2437 iure
961 2379 1090 2437 ornatus
1113 2379 1161 2436 est
1185 2373 1263 2438 deus
1280 2373 1412 2456 eiusque
1510 2383 1515 2392 ’

281 2478 436 2564 templum
458 2478 626 2561 Pergami3
650 2477 704 2540 sed
729 2496 791 2561 quo
815 2482 957 2561 tempore
980 2477 1011 2540 id
1035 2476 1154 2540 factum
1184 2479 1225 2542 sit
1246 2479 1413 2542 nescimus.

284 2583 463 2648 Carteiam
487 2582 595 2646 Sullae
619 2580 781 2644 dictatoris
804 2587 910 2644 aetate
942 2581 1065 2664 asylum
1088 2581 1273 2665 Aesculapii
1294 2583 1412 2647 floruit.

281 2687 364 2751 Nam
387 2688 506 2770 templo
532 2687 598 2750 eius
622 2692 782 2769 tamquam
806 2684 896 2769 asylo
920 2686 966 2748 uti
983 2684 1154 2749 studebant
1171 2686 1307 2752 Romani
1331 2708 1415 2750 com-

281 2797 441 2854 morantes
457 2789 612 2872 Pergami,
636 2809 706 2852 cum
723 2787 841 2852 bellum
864 2792 1051 2852 exoraretur
1067 2786 1326 2870 Mithridaticum,
1350 2811 1413 2874 qno

282 2915 391 2958 omnes
415 2893 578 2957 Romanos
604 2893 767 2976 Italosquc
792 2892 933 2974 hospites
957 2911 1029 2954 cum
1051 2891 1213 2968 uxoribus,
1237 2893 1342 2957 liberis
1365 2915 1416 2958 oo·

281 2999 418 3082 terisque
435 2997 580 3080 ingenuis
597 2996 788 3076 domesticis,
805 3001 965 3079 quotquot
988 3002 1019 3059 et
1035 2995 1149 3058 horum
1165 2996 1269 3059 Italici
1286 3001 1414 3080 generis

282 3110 395 3182 essent,
420 3101 519 3164 occidi
535 3100 626 3164 iussit
642 3099 842 3162 Mithridates
858 3099 928 3180 VI,
952 3097 1047 3162 Ponti
1063 3120 1130 3180 rex,
1153 3099 1264 3164 litteris
1282 3103 1415 3186 satrapis

282 3205 427 3268 omnibus
451 3213 482 3268 et
505 3205 668 3267 ciuitatum
692 3204 789 3266 Asiae
813 3204 1052 3286 magistratibus
1069 3211 1189 3268 secreto
1214 3205 1327 3272 missis.
1350 3206 1413 3269 Sed

280 3308 485 3390 Pergameni,
509 3308 562 3390 qui
586 3312 654 3369 tum
679 3313 778 3386 erant,
803 3306 877 3370 odio
900 3306 1001 3370 Italici
1024 3306 1149 3390 generis
1182 3307 1316 3389 incensi,
1347 3308 1416 3372 Ro-

280 3432 403 3495 manos,
428 3413 481 3496 qui
504 3412 662 3495 supplices
684 3412 716 3475 in
741 3411 922 3496 Aesculapii
955 3410 1066 3475 aedem
1101 3411 1318 3495 confugerant,
1343 3435 1414 3476 oum

281 3516 453 3581 abscedere
477 3516 605 3592 nollent,
643 3524 763 3581 statuas
795 3516 1041 3599 complectentes
1064 3517 1187 3598 sagittis
1213 3517 1416 3600 configebant

282 3626 422 3685 testante
454 3620 628 3704 Appianae
676 3622 827 3685 Attamen
857 3620 888 3682 id
911 3621 1014 3703 ipsum
1043 3621 1197 3705 templum
1229 3620 1413 3704 Aesculapii

281 3730 482 3808 compertum
506 3724 628 3808 asylum
656 3745 725 3788 esse
748 3725 940 3787 rettulerunt
963 3725 1129 3806 consules,
1153 3714 1323 3808 postquam
1345 3725 1415 3787 iura

281 3827 359 3910 asyli
393 3827 658 3892 examinauerunt
692 3849 774 3891 anno
814 3847 846 3911 p.
880 3826 954 3891 Ohr.
986 3829 1037 3892 22.
1067 3828 1194 3892 Tiberio
1226 3829 1416 3912 imperante,

282 3932 372 4017 quasi
402 3933 522 3996 nullam
556 3953 696 4017 unquam
725 3933 811 4017 passi
848 3938 953 3998 essent
979 3933 1126 3996 iniuriam
1162 3933 1247 3996 ciues
1278 3932 1416 3996 Romani

286 4035 396 4099 eodem
421 4035 511 4122 asylo
538 4037 594 4100 usi.
626 4037 762 4122 Asylum
786 4043 892 4101 autem
909 4035 1094 4120 aRomanis
1117 4059 1201 4101 anuo
1224 4057 1255 4120 p.
1273 4035 1346 4100 Ohr.
1363 4037 1415 4102 22.

283 4139 388 4204 denno
412 4139 634 4204 confirmatum
658 4141 835 4224 posteriore
860 4161 988 4225 quoque
1017 4146 1160 4224 tempore
1189 4140 1415 4222 floruit'atque

386 4299 395 4332 1
414 4297 511 4362 Tacit,
531 4313 594 4348 ann.
613 4295 715 4350 11163.

385 4384 495 4436 ²Paus.
515 4381 544 4435 ΙΙ
562 4381 604 4447 26,
623 4381 648 4436 8.

387 4467 541 4536 ³Appian.‚
563 4467 596 4519 de
616 4469 679 4521 bell.
700 4467 818 4521 Mithrid.
838 4467 879 4521 23.
