3180 5178
742 423 954 485 ..46-

283 618 393 704 ceptis,
417 635 552 702 quorum
575 616 655 680 alter
678 615 782 678 caedis
798 615 940 679 conscius
956 624 1024 680 erat
1040 616 1072 680 in
1088 615 1224 682 Caesare
1241 617 1414 702 perfectae,

282 723 364 788 alter
386 721 570 806 proditionis
594 725 662 784 erat
683 725 856 784 accusatus.

288 840 292 846 “
385 824 598 889 Mithridatico
636 830 744 888 autem
778 823 862 887 bello
892 823 1044 888 Romanis
1077 825 1167 907 ipsis,
1186 825 1266 892 nihil
1299 827 1419 910 profuit

280 930 404 994 Dianae
427 929 555 1013 eiusque
579 927 692 1010 templi
712 925 830 1008 ἀσυλία,
855 947 929 990 nam
952 926 1065 991 eodem
1082 928 1228 1012 Appiano
1252 931 1415 996 testante¹

281 1033 412 1119 Ephesii
443 1032 601 1116 supplices
634 1030 796 1094 Romanos
826 1052 843 1093 o
876 1029 999 1094 Dianae
1038 1033 1159 1116 templo
1197 1033 1238 1096 ah
1274 1034 1415 1118 ipsarum

279 1145 454 1203 statuarum
477 1137 644 1219 complexu
678 1133 845 1198 distractos
868 1134 1108 1214 interficiebant,
1143 1137 1226 1220 quod
1260 1132 1302 1199 ‘ori
1327 1136 1415 1226 φόβῳ

213 1293 216 1300 .
283 1237 481 1321 Μιθριδάτου
503 1243 627 1317 μᾶλλον,
651 1232 671 1319 ἢ
695 1237 776 1316 μίσει
798 1233 965 1316 ‘Populos’
988 1237 1157 1321 perfecisse
1180 1239 1337 1304 uidentur.

383 1345 483 1408 Porro
507 1364 547 1406 cx
570 1341 731 1406 Ciceronis
748 1342 895 1426 exemplo
912 1342 995 1406 serui
1011 1341 1159 1427 supplicis
1177 1344 1262 1428 quod
1288 1345 1416 1409 attulit2

281 1454 414 1534 apparet
445 1447 544 1511 seruis
578 1467 701 1531 quoque
733 1447 872 1529 patuisse
904 1447 1028 1530 asylum
1057 1447 1137 1510 illud
1159 1455 1194 1511 ut
1225 1451 1416 1534 perfugium,

284 1560 424 1617 attamen
448 1551 541 1614 simul
565 1549 656 1613 docet
678 1547 839 1612 Ciceronis
863 1550 1002 1613 narratio
1025 1551 1228 1634 magistratus
1244 1551 1415 1634 Romanos,

282 1677 379 1742 penes
402 1677 479 1741 quos
502 1660 570 1718 erat
594 1655 690 1717 Asiae
714 1654 882 1736 imperium
905 1654 1097 1737 prouinciae,
1121 1655 1289 1737 interdum,
1322 1665 1417 1738 prout

281 1761 382 1838 libuit,
405 1759 485 1844 asyli
508 1760 556 1822 ius
580 1758 725 1821 uiolasse.
749 1755 832 1820 Nam
857 1778 928 1821 cum
952 1757 994 1822 M.
1019 1757 1168 1824 Aurelius
1192 1759 1337 1840 Scaurus,
1360 1761 1416 1844 qni

281 1864 388 1930 consul
421 1864 481 1926 fuit
509 1884 591 1927 anno
624 1883 652 1925 a.
689 1860 763 1924 Chr.
792 1883 824 1924 u.
857 1863 943 1941 107„
973 1868 1008 1925 ut
1038 1864 1070 1928 id
1106 1864 1224 1928 faceret
1254 1863 1314 1927 sibi
1348 1871 1417 1927 tum

285 1969 443 2053 quaestori
473 1966 600 2051 Epheso
631 1966 662 2028 in
698 1965 776 2028 urbe
806 1966 928 2030 licuisse
958 1974 1084 2051 putaret
1111 1967 1295 2053 Romaeque
1328 1989 1418 2032 accu-

285 2080 368 2137 saret
405 2078 501 2157 atque
538 2077 687 2153 argueret
724 2069 882 2134 Periclem
919 2071 1077 2154 quendam
1111 2070 1295 2155 Ephesium,
1332 2074 1416 2156 quod

282 2177 508 2262 impediuisset,
543 2175 709 2259 quominus
743 2195 760 2238 e
793 2174 867 2238 fano
901 2174 1024 2238 Dianae
1057 2197 1167 2239 seruus
1197 2197 1271 2239 suus
1299 2179 1353 2261 qui
1383 2177 1416 2241 in

281 2281 358 2345 illud
394 2281 518 2364 asylum
551 2277 744 2362 confugisset
779 2278 998 2357 abduceretur,
1036 2277 1192 2363 Ephesius
1222 2280 1286 2356 ille,
1321 2281 1415 2346 homo

283 2383 502 2462 nobilissimus,
541 2384 688 2446 iniuriam
711 2404 744 2446 se
776 2403 840 2445 non
864 2382 975 2446 fecisse
1003 2383 1173 2446 arbitratus
1196 2391 1253 2459 est,
1287 2385 1313 2448 si
1335 2385 1415 2448 deae

282 2488 362 2574 asyli
395 2489 443 2550 ius
473 2508 623 2551 exercens
654 2492 854 2570 quaestorem
884 2488 936 2550 uel
967 2487 999 2550 ui
1022 2487 1211 2571 prohiberet,
1246 2490 1414 2574 quominus

235 2647 237 2650 .
280 2592 452 2657 abduceret
474 2611 515 2656 ex
538 2592 625 2676 asylo
648 2612 784 2656 sernum.
1089 2672 1093 2682 ι

383 2693 529 2780 Denique
559 2694 693 2758 Antonii
731 2695 897 2774 triumuiri,
931 2701 970 2758 ut
1008 2696 1107 2760 uirtus
1144 2699 1342 2780 cognoscitur
1379 2701 1412 2764 in

279 2797 437 2884 parcendo
468 2799 575 2862 amicis
597 2797 691 2862 Bruti
722 2806 754 2861 ct
777 2798 886 2877 Cassii,
917 2800 961 2862 ita
989 2800 1149 2864 licentiam
1172 2800 1298 2866 Cassius
1329 2802 1414 2866 Dio3

281 2908 424 2985 testatur,
447 2902 618 2966 secundum
642 2924 735 2986 quem
759 2924 865 2967 amore
890 2903 1082 2987 Cleopatrae
1105 2925 1232 2988 prorsus
1254 2912 1364 2991 captus
1381 2915 1414 2971 et

281 3008 344 3071 suis
368 3007 498 3090 eiusque
521 3005 744 3088 cupiditatibus
775 3007 916 3071 seruiens
945 3013 977 3070 et
1009 3009 1072 3071 alia
1094 3009 1271 3092 perfecerat
1293 3010 1416 3092 flagitia

283 3117 314 3175 ct
336 3108 419 3186 ‘rcrig
442 3105 592 3193 ἀδελφούς
615 3107 712 3191 αὐτῆς
747 3108 805 3192 (sc.
840 3108 1041 3194 Cleopatrae)
1076 3108 1136 3174 tut
1161 3119 1217 3175 τοῦ
1238 3109 1272 3176 ἓν
1290 3110 1421 3200 Ἐφέσῳ

273 3211 468 3299 Ἀρτεμισίου
491 3211 671 3290 ἀποσπάσας
704 3211 894 3289 αίσὲκτασεί,
921 3214 1003 3299 quod
1038 3214 1124 3278 idem
1158 3215 1232 3278 fecit
1266 3217 1324 3294 uir,
1359 3220 1414 3300 qui

278 3318 490 3405 Ephesiorum
514 3318 593 3403 asyli
616 3329 756 3382 summus
779 3325 847 3382 erat
871 3325 983 3382 auctor
1006 3325 1101 3403 atque
1124 3319 1242 3383 fautor.

380 3425 431 3486 48.
471 3422 567 3506 Apud
602 3421 793 3507 Smyrnaeos
830 3422 962 3486 Veneris
1003 3423 1220 3488 Stratonicidis
1257 3425 1413 3508 templum

277 3535 440 3612 tamquam
464 3527 572 3610 aylum
596 3525 753 3590 exstitisse
782 3547 823 3590 cx
850 3527 942 3590 titulo
969 3528 1140 3611 nouimus,4
1173 3531 1205 3593 in
1237 3550 1298 3615 quo
1327 3529 1412 3594 dicta

277 3639 360 3711 sunt,
398 3652 479 3714 quae
512 3629 690 3720 Smyrnaei·
713 3650 770 3713 per
803 3629 968 3694 Seleucum
996 3631 1040 3696 Il.
1067 3631 1271 3712 Callinicum,
1301 3632 1413 3718 Syriae

276 3756 395 3817 regem,
419 3735 553 3798 assecuti
576 3733 637 3797 sint
660 3733 832 3797 beneficia:
854 3729 1046 3816 (ἐβεβαίωσεν
1069 3742 1116 3823 τῷ
1137 3734 1224 3825 δήμῳ
1249 3737 1307 3816 τήν
1322 3735 1412 3801 αὐτο-

276 3839 386 3917 νομίαν
408 3838 456 3900 καί
479 3837 699 3920 δημοκρατίαν,
722 3833 858 3921 ἔγραψεν
881 3837 983 3902 δὲκαὶ
1006 3839 1081 3921 πρός
1112 3840 1177 3917 τοὺς
1206 3846 1341 3922 βασιλεῖς
1362 3846 1414 3906 καί

279 3939 345 4016 roric
368 3937 518 4016 δυνάστας
540 3941 590 4003 καὶ
613 3937 669 4016 scir²
692 3938 793 4016 πόλεις
814 3944 863 4004 καί
887 3939 924 4004 ταὶ
940 3937 1031 4023 ἔθνη,
1053 3942 1185 4020 α’ξισίσας
1201 3941 1413 4021 ἀποδέξασθαι

381 4221 390 4254 ¹
411 4218 538 4286 Appiam,
558 4217 592 4270 dc
610 4219 675 4272 bell.
695 4219 817 4273 Mithrid.
836 4220 942 4274 xxur.

379 4305 390 4342 ²
409 4305 504 4368 Cicer..
522 4306 550 4357 in
571 4306 650 4359 Verr.
670 4310 724 4358 act.
744 4305 773 4359 II
792 4307 838 4360 lib.
858 4307 924 4362 133
942 4306 1017 4373 §Su

380 4392 390 4426 ³
408 4391 530 4445 XLVIII
549 4391 592 4458 24,
611 4390 635 4444 2.

378 4478 438 4534 ⁴0.
458 4478 480 4531 Ι.
500 4479 530 4532 G.
551 4478 580 4531 11
603 4497 629 4532 n.
647 4477 715 4534 3137
734 4481 780 4534 lin.
801 4480 841 4548 12.
