<?xml version="1.0" encoding="UTF-8"?>
<!DOCTYPE html PUBLIC "-//W3C//DTD XHTML 1.0 Transitional//EN"
    "http://www.w3.org/TR/xhtml1/DTD/xhtml1-transitional.dtd">
<html xmlns="http://www.w3.org/1999/xhtml" xml:lang="en" lang="en">
 <head>
  <title>
</title>
<meta http-equiv="Content-Type" content="text/html;charset=utf-8" />
  <meta name='ocr-system' content='tesseract 3.04.00' />
  <meta name='ocr-capabilities' content='ocr_page ocr_carea ocr_par ocr_line ocrx_word'/>
</head>
<body>
  <div class='ocr_page' id='page_1' title='image "./degraecorumasyl00bartgoog_0006.png"; bbox 0 0 3180 5178; ppageno 0'>
   <div class='ocr_carea' id='block_1_1' title="bbox 805 429 996 492">
    <p class='ocr_par' dir='ltr' id='par_1_1' title="bbox 805 429 996 492">
     <span class='ocr_line' id='line_1_1' title="bbox 805 429 996 492; baseline -0.005 -16"><span class='ocrx_word' id='word_1_1' title='bbox 805 429 996 492; x_wconf 70' lang='lat'><strong>..2-</strong></span> 
     </span>
    </p>
   </div>
   <div class='ocr_carea' id='block_1_2' title="bbox 312 616 1559 4235">
    <p class='ocr_par' dir='ltr' id='par_1_2' title="bbox 340 616 1487 1024">
     <span class='ocr_line' id='line_1_2' title="bbox 340 616 1487 702; baseline -0.012 -4"><span class='ocrx_word' id='word_1_2' title='bbox 340 635 372 698; x_wconf 93' lang='lat' dir='ltr'><strong>in</strong></span> <span class='ocrx_word' id='word_1_3' title='bbox 404 628 584 696; x_wconf 89' lang='lat' dir='ltr'><strong>ciuitatibus</strong></span> <span class='ocrx_word' id='word_1_4' title='bbox 615 621 745 689; x_wconf 82' lang='lat' dir='ltr'><strong>Graecis</strong></span> <span class='ocrx_word' id='word_1_5' title='bbox 778 620 846 684; x_wconf 90' lang='lat' dir='ltr'><strong>siue</strong></span> <span class='ocrx_word' id='word_1_6' title='bbox 869 618 967 682; x_wconf 84' lang='lat' dir='ltr'><strong>Asiae</strong></span> <span class='ocrx_word' id='word_1_7' title='bbox 999 616 1129 681; x_wconf 90' lang='lat' dir='ltr'><strong>minoris</strong></span> <span class='ocrx_word' id='word_1_8' title='bbox 1161 617 1230 681; x_wconf 90' lang='lat' dir='ltr'><strong>siue</strong></span> <span class='ocrx_word' id='word_1_9' title='bbox 1260 617 1372 702; x_wconf 84' lang='lat' dir='ltr'><strong>Syriae</strong></span> <span class='ocrx_word' id='word_1_10' title='bbox 1407 621 1487 684; x_wconf 90' lang='lat' dir='ltr'><strong>siue</strong></span> 
     </span>
     <span class='ocr_line' id='line_1_3' title="bbox 343 721 1485 815; baseline -0.011 -13"><span class='ocrx_word' id='word_1_11' title='bbox 343 738 472 802; x_wconf 90' lang='lat' dir='ltr'><strong>aliarum</strong></span> <span class='ocrx_word' id='word_1_12' title='bbox 496 731 658 815; x_wconf 89' lang='lat' dir='ltr'><strong>regionum</strong></span> <span class='ocrx_word' id='word_1_13' title='bbox 673 725 765 790; x_wconf 88' lang='lat' dir='ltr'><strong>nobis</strong></span> <span class='ocrx_word' id='word_1_14' title='bbox 780 721 987 807; x_wconf 91' lang='lat' dir='ltr'><strong>spectandum</strong></span> <span class='ocrx_word' id='word_1_15' title='bbox 1004 729 1062 802; x_wconf 90' lang='lat' dir='ltr'><strong>est,</strong></span> <span class='ocrx_word' id='word_1_16' title='bbox 1084 743 1167 806; x_wconf 91' lang='lat' dir='ltr'><strong>quae</strong></span> <span class='ocrx_word' id='word_1_17' title='bbox 1187 722 1318 806; x_wconf 91' lang='lat' dir='ltr'><strong>quidem</strong></span> <span class='ocrx_word' id='word_1_18' title='bbox 1335 726 1485 790; x_wconf 79' lang='lat' dir='ltr'><strong>maxime</strong></span> 
     </span>
     <span class='ocr_line' id='line_1_4' title="bbox 342 826 1486 916; baseline -0.012 -10"><span class='ocrx_word' id='word_1_19' title='bbox 342 843 518 906; x_wconf 89' lang='lat' dir='ltr'><strong>floruerunt</strong></span> <span class='ocrx_word' id='word_1_20' title='bbox 540 836 577 898; x_wconf 92' lang='lat' dir='ltr'><strong>iis</strong></span> <span class='ocrx_word' id='word_1_21' title='bbox 599 832 802 916; x_wconf 83' lang='lat' dir='ltr'>temporibus,</span> <span class='ocrx_word' id='word_1_22' title='bbox 825 828 938 912; x_wconf 89' lang='lat' dir='ltr'><strong>quibus</strong></span> <span class='ocrx_word' id='word_1_23' title='bbox 964 826 1077 890; x_wconf 87' lang='lat' dir='ltr'><strong>Graeci</strong></span> <span class='ocrx_word' id='word_1_24' title='bbox 1106 828 1204 906; x_wconf 89' lang='lat' dir='ltr'><strong>cultu,</strong></span> <span class='ocrx_word' id='word_1_25' title='bbox 1226 828 1350 909; x_wconf 87' lang='lat' dir='ltr'><strong>litteris,</strong></span> <span class='ocrx_word' id='word_1_26' title='bbox 1378 831 1486 894; x_wconf 93' lang='lat' dir='ltr'><strong>mori-</strong></span> 
     </span>
     <span class='ocr_line' id='line_1_5' title="bbox 342 932 1484 1024; baseline -0.009 -14"><span class='ocrx_word' id='word_1_27' title='bbox 342 946 412 1024; x_wconf 87' lang='lat' dir='ltr'><strong>bus,</strong></span> <span class='ocrx_word' id='word_1_28' title='bbox 433 940 584 1005; x_wconf 87' lang='lat' dir='ltr'><strong>institutis</strong></span> <span class='ocrx_word' id='word_1_29' title='bbox 607 943 712 1000; x_wconf 92' lang='lat' dir='ltr'><strong>totum</strong></span> <span class='ocrx_word' id='word_1_30' title='bbox 734 934 801 998; x_wconf 85' lang='lat' dir='ltr'><strong>fere</strong></span> <span class='ocrx_word' id='word_1_31' title='bbox 823 933 931 995; x_wconf 93' lang='lat' dir='ltr'><strong>orbem</strong></span> <span class='ocrx_word' id='word_1_32' title='bbox 962 937 1119 994; x_wconf 87' lang='lat' dir='ltr'><strong>terrarum</strong></span> <span class='ocrx_word' id='word_1_33' title='bbox 1146 932 1280 1016; x_wconf 91' lang='lat' dir='ltr'><strong>imperio</strong></span> <span class='ocrx_word' id='word_1_34' title='bbox 1313 935 1484 1006; x_wconf 81' lang='lat' dir='ltr'><strong>tenebant.</strong></span> 
     </span>
    </p>

    <p class='ocr_par' dir='ltr' id='par_1_3' title="bbox 312 1036 1485 1548">
     <span class='ocr_line' id='line_1_6' title="bbox 446 1036 1484 1123; baseline -0.005 -14"><span class='ocrx_word' id='word_1_35' title='bbox 446 1045 507 1110; x_wconf 84' lang='lat' dir='ltr'><strong>Sed</strong></span> <span class='ocrx_word' id='word_1_36' title='bbox 540 1063 612 1106; x_wconf 92' lang='lat' dir='ltr'><strong>cum</strong></span> <span class='ocrx_word' id='word_1_37' title='bbox 644 1040 685 1104; x_wconf 90' lang='lat' dir='ltr'><strong>de</strong></span> <span class='ocrx_word' id='word_1_38' title='bbox 718 1036 941 1121; x_wconf 75' lang='lat' dir='ltr'><strong>antiquissimis</strong></span> <span class='ocrx_word' id='word_1_39' title='bbox 973 1037 1159 1118; x_wconf 87' lang='lat' dir='ltr'><strong>praesertim</strong></span> <span class='ocrx_word' id='word_1_40' title='bbox 1190 1037 1345 1102; x_wconf 84' lang='lat' dir='ltr'><strong>Graeciae</strong></span> <span class='ocrx_word' id='word_1_41' title='bbox 1376 1040 1484 1123; x_wconf 89' lang='lat' dir='ltr'><strong>ipsius</strong></span> 
     </span>
     <span class='ocr_line' id='line_1_7' title="bbox 345 1139 1484 1238; baseline -0.006 -21"><span class='ocrx_word' id='word_1_42' title='bbox 345 1152 439 1238; x_wconf 77' lang='lat' dir='ltr'><strong>asylis</strong></span> <span class='ocrx_word' id='word_1_43' title='bbox 462 1150 524 1212; x_wconf 91' lang='lat' dir='ltr'><strong>iam</strong></span> <span class='ocrx_word' id='word_1_44' title='bbox 547 1146 624 1210; x_wconf 90' lang='lat' dir='ltr'><strong>satis</strong></span> <span class='ocrx_word' id='word_1_45' title='bbox 639 1143 739 1206; x_wconf 86' lang='lat' dir='ltr'><strong>multa</strong></span> <span class='ocrx_word' id='word_1_46' title='bbox 755 1140 963 1204; x_wconf 81' lang='lat' dir='ltr'><strong>disseruerint</strong></span> <span class='ocrx_word' id='word_1_47' title='bbox 985 1139 1044 1203; x_wconf 92' lang='lat' dir='ltr'><strong>uiri</strong></span> <span class='ocrx_word' id='word_1_48' title='bbox 1065 1139 1179 1221; x_wconf 87' lang='lat' dir='ltr'><strong>docti,¹</strong></span> <span class='ocrx_word' id='word_1_49' title='bbox 1202 1142 1297 1206; x_wconf 90' lang='lat' dir='ltr'><strong>missa</strong></span> <span class='ocrx_word' id='word_1_50' title='bbox 1320 1142 1484 1210; x_wconf 85' lang='lat' dir='ltr'><strong>faciamus</strong></span> 
     </span>
     <span class='ocr_line' id='line_1_8' title="bbox 312 1243 1485 1346; baseline -0.002 -30"><span class='ocrx_word' id='word_1_51' title='bbox 312 1243 585 1346; x_wconf 62' lang='lat' dir='ltr'><strong>3·,ddsdriptionem</strong></span> <span class='ocrx_word' id='word_1_52' title='bbox 610 1267 720 1312; x_wconf 88' lang='lat' dir='ltr'><strong>eorum</strong></span> <span class='ocrx_word' id='word_1_53' title='bbox 736 1245 945 1329; x_wconf 88' lang='lat' dir='ltr'><strong>singularem;</strong></span> <span class='ocrx_word' id='word_1_54' title='bbox 968 1263 1026 1306; x_wconf 87' lang='lat' dir='ltr'><strong>nos</strong></span> <span class='ocrx_word' id='word_1_55' title='bbox 1042 1243 1168 1327; x_wconf 86' lang='lat' dir='ltr'><strong>quidem</strong></span> <span class='ocrx_word' id='word_1_56' title='bbox 1187 1266 1250 1329; x_wconf 88' lang='lat' dir='ltr'><strong>qua</strong></span> <span class='ocrx_word' id='word_1_57' title='bbox 1265 1245 1387 1312; x_wconf 87' lang='lat' dir='ltr'><strong>fuerint</strong></span> <span class='ocrx_word' id='word_1_58' title='bbox 1403 1271 1485 1313; x_wconf 92' lang='lat' dir='ltr'><strong>con-</strong></span> 
     </span>
     <span class='ocr_line' id='line_1_9' title="bbox 313 1339 1484 1440; baseline -0.005 -13"><span class='ocrx_word' id='word_1_59' title='bbox 313 1339 468 1434; x_wconf 46' lang='lat' dir='ltr'><strong>}‘ditidnc</strong></span> <span class='ocrx_word' id='word_1_60' title='bbox 491 1355 579 1440; x_wconf 82' lang='lat' dir='ltr'><strong>asyla</strong></span> <span class='ocrx_word' id='word_1_61' title='bbox 601 1350 779 1436; x_wconf 78' lang='lat' dir='ltr'><strong>posteriora</strong></span> <span class='ocrx_word' id='word_1_62' title='bbox 801 1347 873 1411; x_wconf 90' lang='lat' dir='ltr'><strong>inde</strong></span> <span class='ocrx_word' id='word_1_63' title='bbox 903 1347 971 1412; x_wconf 84' lang='lat' dir='ltr'><strong>lere</strong></span> <span class='ocrx_word' id='word_1_64' title='bbox 994 1349 1035 1410; x_wconf 94' lang='lat' dir='ltr'><strong>ab</strong></span> <span class='ocrx_word' id='word_1_65' title='bbox 1059 1348 1233 1412; x_wconf 83' lang='lat' dir='ltr'><strong>Alexandri</strong></span> <span class='ocrx_word' id='word_1_66' title='bbox 1256 1349 1366 1435; x_wconf 85' lang='lat' dir='ltr'><strong>Magni</strong></span> <span class='ocrx_word' id='word_1_67' title='bbox 1396 1362 1484 1420; x_wconf 91' lang='lat' dir='ltr'><strong>tcm-</strong></span> 
     </span>
     <span class='ocr_line' id='line_1_10' title="bbox 344 1456 934 1548; baseline -0.017 -21"><span class='ocrx_word' id='word_1_68' title='bbox 344 1462 473 1548; x_wconf 91' lang='lat' dir='ltr'><strong>poribus</strong></span> <span class='ocrx_word' id='word_1_69' title='bbox 496 1456 673 1522; x_wconf 79' lang='lat' dir='ltr'><strong>accuratius</strong></span> <span class='ocrx_word' id='word_1_70' title='bbox 696 1471 934 1537; x_wconf 86' lang='lat' dir='ltr'><strong>cognoscamus.</strong></span> 
     </span>
    </p>

    <p class='ocr_par' dir='ltr' id='par_1_4' title="bbox 347 1555 1559 1954">
     <span class='ocr_line' id='line_1_11' title="bbox 449 1555 1486 1638; baseline 0 -10"><span class='ocrx_word' id='word_1_71' title='bbox 449 1563 615 1628; x_wconf 88' lang='lat' dir='ltr'><strong>Habemus</strong></span> <span class='ocrx_word' id='word_1_72' title='bbox 627 1560 687 1623; x_wconf 90' lang='lat' dir='ltr'><strong>tria</strong></span> <span class='ocrx_word' id='word_1_73' title='bbox 697 1557 834 1620; x_wconf 89' lang='lat' dir='ltr'><strong>fontium</strong></span> <span class='ocrx_word' id='word_1_74' title='bbox 846 1575 964 1638; x_wconf 85' lang='lat' dir='ltr'><strong>genera</strong></span> <span class='ocrx_word' id='word_1_75' title='bbox 975 1555 1089 1638; x_wconf 90' lang='lat' dir='ltr'><strong>quibus</strong></span> <span class='ocrx_word' id='word_1_76' title='bbox 1112 1557 1143 1620; x_wconf 90' lang='lat' dir='ltr'><strong>in</strong></span> <span class='ocrx_word' id='word_1_77' title='bbox 1155 1559 1332 1623; x_wconf 88' lang='lat' dir='ltr'><strong>statuendis</strong></span> <span class='ocrx_word' id='word_1_78' title='bbox 1350 1583 1486 1628; x_wconf 89' lang='lat' dir='ltr'><strong>enume-</strong></span> 
     </span>
     <span class='ocr_line' id='line_1_12' title="bbox 347 1657 1484 1752; baseline -0.003 -17"><span class='ocrx_word' id='word_1_79' title='bbox 347 1668 518 1752; x_wconf 91' lang='lat' dir='ltr'><strong>randisque</strong></span> <span class='ocrx_word' id='word_1_80' title='bbox 542 1681 750 1748; x_wconf 86' lang='lat' dir='ltr'><strong>quaecunque</strong></span> <span class='ocrx_word' id='word_1_81' title='bbox 772 1659 963 1722; x_wconf 86' lang='lat' dir='ltr'><strong>exstiterunt</strong></span> <span class='ocrx_word' id='word_1_82' title='bbox 985 1657 1181 1723; x_wconf 86' lang='lat' dir='ltr'><strong>Graecorum</strong></span> <span class='ocrx_word' id='word_1_83' title='bbox 1210 1664 1306 1746; x_wconf 88' lang='lat' dir='ltr'><strong>asylis</strong></span> <span class='ocrx_word' id='word_1_84' title='bbox 1337 1666 1484 1733; x_wconf 87' lang='lat' dir='ltr'><strong>nitimur.</strong></span> 
     </span>
     <span class='ocr_line' id='line_1_13' title="bbox 348 1761 1559 1854; baseline -0.003 -15"><span class='ocrx_word' id='word_1_85' title='bbox 348 1773 430 1840; x_wconf 87' lang='lat' dir='ltr'><strong>Nam</strong></span> <span class='ocrx_word' id='word_1_86' title='bbox 452 1776 578 1854; x_wconf 88' lang='lat' dir='ltr'><strong>practer</strong></span> <span class='ocrx_word' id='word_1_87' title='bbox 606 1767 792 1849; x_wconf 86' lang='lat' dir='ltr'><strong>scriptorum</strong></span> <span class='ocrx_word' id='word_1_88' title='bbox 821 1762 1000 1826; x_wconf 90' lang='lat' dir='ltr'><strong>testimonia</strong></span> <span class='ocrx_word' id='word_1_89' title='bbox 1030 1764 1158 1827; x_wconf 86' lang='lat' dir='ltr'><strong>maximi</strong></span> <span class='ocrx_word' id='word_1_90' title='bbox 1188 1767 1279 1830; x_wconf 88' lang='lat' dir='ltr'><strong>nobis</strong></span> <span class='ocrx_word' id='word_1_91' title='bbox 1302 1769 1333 1832; x_wconf 93' lang='lat' dir='ltr'><strong>in</strong></span> <span class='ocrx_word' id='word_1_92' title='bbox 1358 1771 1420 1834; x_wconf 91' lang='lat' dir='ltr'><strong>hac</strong></span> <span class='ocrx_word' id='word_1_93' title='bbox 1445 1793 1484 1835; x_wconf 88' lang='lat' dir='ltr'><strong>re</strong></span> <span class='ocrx_word' id='word_1_94' title='bbox 1558 1761 1559 1766; x_wconf 29' lang='lat'>¹</span> 
     </span>
     <span class='ocr_line' id='line_1_14' title="bbox 348 1855 1559 1954; baseline -0.002 -13"><span class='ocrx_word' id='word_1_95' title='bbox 348 1882 421 1942; x_wconf 89' lang='lat' dir='ltr'><strong>sunt</strong></span> <span class='ocrx_word' id='word_1_96' title='bbox 433 1872 583 1938; x_wconf 90' lang='lat' dir='ltr'><strong>momenti</strong></span> <span class='ocrx_word' id='word_1_97' title='bbox 596 1877 628 1934; x_wconf 91' lang='lat' dir='ltr'><strong>et</strong></span> <span class='ocrx_word' id='word_1_98' title='bbox 639 1869 722 1931; x_wconf 89' lang='lat' dir='ltr'><strong>tituli</strong></span> <span class='ocrx_word' id='word_1_99' title='bbox 735 1876 766 1931; x_wconf 93' lang='lat' dir='ltr'><strong>ct</strong></span> <span class='ocrx_word' id='word_1_100' title='bbox 783 1887 983 1930; x_wconf 90' lang='lat' dir='ltr'><strong>nummorum</strong></span> <span class='ocrx_word' id='word_1_101' title='bbox 998 1857 1229 1948; x_wconf 44' lang='lat' dir='ltr'><strong>permultorum*</strong></span> <span class='ocrx_word' id='word_1_102' title='bbox 1243 1871 1484 1954; x_wconf 84' lang='lat' dir='ltr'><strong>inscriptiones.</strong></span> <span class='ocrx_word' id='word_1_103' title='bbox 1558 1855 1559 1858; x_wconf 8' lang='grc' dir='ltr'><strong>Ἴ</strong></span> 
     </span>
    </p>

    <p class='ocr_par' dir='ltr' id='par_1_5' title="bbox 348 1969 1559 4235">
     <span class='ocr_line' id='line_1_15' title="bbox 452 1969 1482 2057; baseline 0.001 -15"><span class='ocrx_word' id='word_1_104' title='bbox 452 1977 600 2042; x_wconf 89' lang='lat' dir='ltr'><strong>Omnium</strong></span> <span class='ocrx_word' id='word_1_105' title='bbox 622 1973 756 2036; x_wconf 89' lang='lat' dir='ltr'><strong>fontium</strong></span> <span class='ocrx_word' id='word_1_106' title='bbox 776 1991 856 2056; x_wconf 89' lang='lat' dir='ltr'><strong>quos</strong></span> <span class='ocrx_word' id='word_1_107' title='bbox 872 1969 1024 2034; x_wconf 89' lang='lat' dir='ltr'><strong>habemus</strong></span> <span class='ocrx_word' id='word_1_108' title='bbox 1048 1969 1087 2033; x_wconf 92' lang='lat' dir='ltr'><strong>de</strong></span> <span class='ocrx_word' id='word_1_109' title='bbox 1102 1972 1261 2057; x_wconf 87' lang='lat' dir='ltr'><strong>asylorum</strong></span> <span class='ocrx_word' id='word_1_110' title='bbox 1279 1974 1482 2044; x_wconf 80' lang='lat' dir='ltr'><strong>Graecorum</strong></span> 
     </span>
     <span class='ocr_line' id='line_1_16' title="bbox 348 2073 1559 2164; baseline -0.001 -15"><span class='ocrx_word' id='word_1_111' title='bbox 348 2084 500 2160; x_wconf 88' lang='lat' dir='ltr'><strong>instituto,</strong></span> <span class='ocrx_word' id='word_1_112' title='bbox 524 2079 667 2164; x_wconf 87' lang='lat' dir='ltr'><strong>princeps</strong></span> <span class='ocrx_word' id='word_1_113' title='bbox 690 2081 796 2139; x_wconf 84' lang='lat' dir='ltr'><strong>exstat</strong></span> <span class='ocrx_word' id='word_1_114' title='bbox 817 2073 918 2137; x_wconf 81' lang='lat' dir='ltr'><strong>Taciti</strong></span> <span class='ocrx_word' id='word_1_115' title='bbox 948 2074 1170 2138; x_wconf 88' lang='lat' dir='ltr'><strong>celeberrimus</strong></span> <span class='ocrx_word' id='word_1_116' title='bbox 1199 2077 1289 2140; x_wconf 88' lang='lat' dir='ltr'><strong>locus</strong></span> <span class='ocrx_word' id='word_1_117' title='bbox 1312 2078 1402 2160; x_wconf 82' lang='lat' dir='ltr'><strong>(aun.</strong></span> <span class='ocrx_word' id='word_1_118' title='bbox 1426 2083 1484 2148; x_wconf 90' lang='lat' dir='ltr'><strong>III</strong></span> <span class='ocrx_word' id='word_1_119' title='bbox 1558 2123 1559 2154; x_wconf 75' lang='lat' dir='ltr'><strong>r</strong></span> 
     </span>
     <span class='ocr_line' id='line_1_17' title="bbox 350 2179 1559 2268; baseline 0.002 -19"><span class='ocrx_word' id='word_1_120' title='bbox 350 2188 514 2267; x_wconf 83' lang='lat'><strong>60-63.),</strong></span> <span class='ocrx_word' id='word_1_121' title='bbox 536 2204 599 2268; x_wconf 91' lang='lat' dir='ltr'><strong>quo</strong></span> <span class='ocrx_word' id='word_1_122' title='bbox 621 2200 726 2264; x_wconf 90' lang='lat' dir='ltr'><strong>neque</strong></span> <span class='ocrx_word' id='word_1_123' title='bbox 748 2179 848 2240; x_wconf 93' lang='lat' dir='ltr'><strong>ullum</strong></span> <span class='ocrx_word' id='word_1_124' title='bbox 876 2187 1023 2241; x_wconf 89' lang='lat' dir='ltr'><strong>ueterum</strong></span> <span class='ocrx_word' id='word_1_125' title='bbox 1050 2181 1238 2263; x_wconf 87' lang='lat' dir='ltr'><strong>scriptorum</strong></span> <span class='ocrx_word' id='word_1_126' title='bbox 1262 2184 1482 2251; x_wconf 90' lang='lat' dir='ltr'><strong>testimonium</strong></span> <span class='ocrx_word' id='word_1_127' title='bbox 1557 2211 1559 2224; x_wconf 60' lang='lat'>&lt;</span> 
     </span>
     <span class='ocr_line' id='line_1_18' title="bbox 349 2281 1484 2369; baseline -0.001 -14"><span class='ocrx_word' id='word_1_128' title='bbox 349 2291 501 2356; x_wconf 88' lang='lat' dir='ltr'><strong>illustrius</strong></span> <span class='ocrx_word' id='word_1_129' title='bbox 531 2306 635 2369; x_wconf 88' lang='lat' dir='ltr'><strong>neque</strong></span> <span class='ocrx_word' id='word_1_130' title='bbox 667 2283 706 2346; x_wconf 89' lang='lat' dir='ltr'><strong>ad</strong></span> <span class='ocrx_word' id='word_1_131' title='bbox 730 2303 806 2346; x_wconf 91' lang='lat' dir='ltr'><strong>nera</strong></span> <span class='ocrx_word' id='word_1_132' title='bbox 833 2281 1051 2367; x_wconf 89' lang='lat' dir='ltr'><strong>perspicienda</strong></span> <span class='ocrx_word' id='word_1_133' title='bbox 1081 2284 1185 2366; x_wconf 91' lang='lat' dir='ltr'><strong>aptius</strong></span> <span class='ocrx_word' id='word_1_134' title='bbox 1215 2292 1273 2350; x_wconf 87' lang='lat' dir='ltr'><strong>ast.</strong></span> <span class='ocrx_word' id='word_1_135' title='bbox 1319 2286 1484 2356; x_wconf 88' lang='lat' dir='ltr'><strong>Describit</strong></span> 
     </span>
     <span class='ocr_line' id='line_1_19' title="bbox 350 2385 1559 2476; baseline 0 -17"><span class='ocrx_word' id='word_1_136' title='bbox 350 2395 479 2460; x_wconf 84' lang='lat' dir='ltr'><strong>Tacitus</strong></span> <span class='ocrx_word' id='word_1_137' title='bbox 501 2397 618 2454; x_wconf 90' lang='lat' dir='ltr'><strong>statum</strong></span> <span class='ocrx_word' id='word_1_138' title='bbox 642 2386 852 2471; x_wconf 88' lang='lat' dir='ltr'><strong>deprauatum</strong></span> <span class='ocrx_word' id='word_1_139' title='bbox 876 2391 907 2449; x_wconf 92' lang='lat' dir='ltr'><strong>et</strong></span> <span class='ocrx_word' id='word_1_140' title='bbox 922 2385 1089 2469; x_wconf 86' lang='lat' dir='ltr'><strong>abiectum,</strong></span> <span class='ocrx_word' id='word_1_141' title='bbox 1112 2407 1175 2470; x_wconf 95' lang='lat' dir='ltr'><strong>quo</strong></span> <span class='ocrx_word' id='word_1_142' title='bbox 1190 2386 1309 2452; x_wconf 81' lang='lat' dir='ltr'><strong>Tiberii</strong></span> <span class='ocrx_word' id='word_1_143' title='bbox 1329 2395 1484 2476; x_wconf 87' lang='lat' dir='ltr'><strong>tempori·</strong></span> <span class='ocrx_word' id='word_1_144' title='bbox 1558 2385 1559 2388; x_wconf 23' lang='lat'>¹</span> 
     </span>
     <span class='ocr_line' id='line_1_20' title="bbox 351 2491 1483 2581; baseline -0.002 -18"><span class='ocrx_word' id='word_1_145' title='bbox 351 2501 410 2564; x_wconf 89' lang='lat' dir='ltr'><strong>bus</strong></span> <span class='ocrx_word' id='word_1_146' title='bbox 426 2495 514 2581; x_wconf 85' lang='lat' dir='ltr'><strong>asyla</strong></span> <span class='ocrx_word' id='word_1_147' title='bbox 530 2498 628 2558; x_wconf 88' lang='lat' dir='ltr'><strong>erant.</strong></span> <span class='ocrx_word' id='word_1_148' title='bbox 663 2492 728 2555; x_wconf 91' lang='lat' dir='ltr'><strong>Ubi</strong></span> <span class='ocrx_word' id='word_1_149' title='bbox 743 2510 814 2552; x_wconf 91' lang='lat' dir='ltr'><strong>cum</strong></span> <span class='ocrx_word' id='word_1_150' title='bbox 830 2491 972 2574; x_wconf 88' lang='lat' dir='ltr'><strong>grauiter</strong></span> <span class='ocrx_word' id='word_1_151' title='bbox 988 2491 1147 2572; x_wconf 86' lang='lat' dir='ltr'><strong>vituperet</strong></span> <span class='ocrx_word' id='word_1_152' title='bbox 1162 2492 1318 2557; x_wconf 88' lang='lat' dir='ltr'><strong>licentiam</strong></span> <span class='ocrx_word' id='word_1_153' title='bbox 1345 2496 1483 2562; x_wconf 82' lang='lat' dir='ltr'><strong>effrena·</strong></span> 
     </span>
     <span class='ocr_line' id='line_1_21' title="bbox 351 2592 1559 2684; baseline 0.002 -18"><span class='ocrx_word' id='word_1_154' title='bbox 351 2611 480 2684; x_wconf 89' lang='lat' dir='ltr'><strong>tamque</strong></span> <span class='ocrx_word' id='word_1_155' title='bbox 502 2598 668 2662; x_wconf 90' lang='lat' dir='ltr'><strong>audaciam</strong></span> <span class='ocrx_word' id='word_1_156' title='bbox 691 2592 902 2658; x_wconf 87' lang='lat' dir='ltr'><strong>constituendi</strong></span> <span class='ocrx_word' id='word_1_157' title='bbox 926 2595 1015 2678; x_wconf 86' lang='lat' dir='ltr'><strong>asyla</strong></span> <span class='ocrx_word' id='word_1_158' title='bbox 1036 2613 1116 2676; x_wconf 91' lang='lat' dir='ltr'><strong>quae</strong></span> <span class='ocrx_word' id='word_1_159' title='bbox 1137 2594 1235 2659; x_wconf 91' lang='lat' dir='ltr'><strong>libido</strong></span> <span class='ocrx_word' id='word_1_160' title='bbox 1258 2603 1294 2660; x_wconf 92' lang='lat' dir='ltr'><strong>ut</strong></span> <span class='ocrx_word' id='word_1_161' title='bbox 1315 2598 1361 2661; x_wconf 88' lang='lat' dir='ltr'><strong>ita</strong></span> <span class='ocrx_word' id='word_1_162' title='bbox 1376 2599 1482 2665; x_wconf 89' lang='lat' dir='ltr'><strong>dicam</strong></span> <span class='ocrx_word' id='word_1_163' title='bbox 1558 2629 1559 2668; x_wconf 68' lang='lat'><em>2</em></span> 
     </span>
     <span class='ocr_line' id='line_1_22' title="bbox 351 2697 1482 2790; baseline 0.001 -22"><span class='ocrx_word' id='word_1_164' title='bbox 351 2711 495 2790; x_wconf 87' lang='lat' dir='ltr'><strong>grassata</strong></span> <span class='ocrx_word' id='word_1_165' title='bbox 516 2709 567 2765; x_wconf 87' lang='lat' dir='ltr'><strong>est</strong></span> <span class='ocrx_word' id='word_1_166' title='bbox 588 2721 646 2784; x_wconf 90' lang='lat' dir='ltr'><strong>per</strong></span> <span class='ocrx_word' id='word_1_167' title='bbox 661 2700 798 2762; x_wconf 84' lang='lat' dir='ltr'><strong>Graecas</strong></span> <span class='ocrx_word' id='word_1_168' title='bbox 823 2699 915 2761; x_wconf 79' lang='lat' dir='ltr'><strong>Asiae</strong></span> <span class='ocrx_word' id='word_1_169' title='bbox 933 2697 1060 2760; x_wconf 90' lang='lat' dir='ltr'><strong>minoris</strong></span> <span class='ocrx_word' id='word_1_170' title='bbox 1081 2698 1184 2779; x_wconf 88' lang='lat' dir='ltr'><strong>urbes,</strong></span> <span class='ocrx_word' id='word_1_171' title='bbox 1208 2698 1280 2763; x_wconf 88' lang='lat' dir='ltr'><strong>inde</strong></span> <span class='ocrx_word' id='word_1_172' title='bbox 1305 2701 1345 2765; x_wconf 90' lang='lat' dir='ltr'><strong>de</strong></span> <span class='ocrx_word' id='word_1_173' title='bbox 1361 2705 1482 2769; x_wconf 91' lang='lat' dir='ltr'><strong>usitato</strong></span> 
     </span>
     <span class='ocr_line' id='line_1_23' title="bbox 352 2801 1559 2894; baseline 0 -20"><span class='ocrx_word' id='word_1_174' title='bbox 352 2809 511 2894; x_wconf 85' lang='lat' dir='ltr'><strong>asylorum</strong></span> <span class='ocrx_word' id='word_1_175' title='bbox 542 2801 832 2868; x_wconf 88' lang='lat' dir='ltr'><strong>constituendorum</strong></span> <span class='ocrx_word' id='word_1_176' title='bbox 863 2821 949 2865; x_wconf 89' lang='lat' dir='ltr'><strong>more</strong></span> <span class='ocrx_word' id='word_1_177' title='bbox 979 2803 1113 2865; x_wconf 86' lang='lat' dir='ltr'><strong>certiora</strong></span> <span class='ocrx_word' id='word_1_178' title='bbox 1142 2801 1303 2868; x_wconf 89' lang='lat' dir='ltr'><strong>docemur.</strong></span> <span class='ocrx_word' id='word_1_179' title='bbox 1350 2807 1413 2871; x_wconf 82' lang='lat' dir='ltr'><strong>sed</strong></span> <span class='ocrx_word' id='word_1_180' title='bbox 1440 2831 1484 2874; x_wconf 84' lang='lat' dir='ltr'><strong>ne</strong></span> <span class='ocrx_word' id='word_1_181' title='bbox 1558 2815 1559 2864; x_wconf 76' lang='lat' dir='ltr'>f</span> 
     </span>
     <span class='ocr_line' id='line_1_24' title="bbox 351 2905 1483 2992; baseline -0.002 -14"><span class='ocrx_word' id='word_1_182' title='bbox 351 2913 442 2978; x_wconf 90' lang='lat' dir='ltr'><strong>iustis</strong></span> <span class='ocrx_word' id='word_1_183' title='bbox 464 2909 675 2992; x_wconf 85' lang='lat' dir='ltr'><strong>legitimisque</strong></span> <span class='ocrx_word' id='word_1_184' title='bbox 692 2905 818 2990; x_wconf 91' lang='lat' dir='ltr'><strong>quidem</strong></span> <span class='ocrx_word' id='word_1_185' title='bbox 834 2906 928 2990; x_wconf 84' lang='lat' dir='ltr'><strong>asylis</strong></span> <span class='ocrx_word' id='word_1_186' title='bbox 952 2913 1036 2969; x_wconf 91' lang='lat' dir='ltr'><strong>recte</strong></span> <span class='ocrx_word' id='word_1_187' title='bbox 1060 2906 1107 2969; x_wconf 91' lang='lat' dir='ltr'><strong>usi</strong></span> <span class='ocrx_word' id='word_1_188' title='bbox 1130 2911 1204 2968; x_wconf 88' lang='lat' dir='ltr'><strong>suut</strong></span> <span class='ocrx_word' id='word_1_189' title='bbox 1223 2909 1392 2992; x_wconf 90' lang='lat' dir='ltr'><strong>supplices,</strong></span> <span class='ocrx_word' id='word_1_190' title='bbox 1409 2933 1483 2977; x_wconf 88' lang='lat' dir='ltr'><strong>cnm</strong></span> 
     </span>
     <span class='ocr_line' id='line_1_25' title="bbox 353 2995 1559 3100; baseline -0.002 -19"><span class='ocrx_word' id='word_1_191' title='bbox 353 3016 495 3081; x_wconf 89' lang='lat' dir='ltr'><strong>homines</strong></span> <span class='ocrx_word' id='word_1_192' title='bbox 519 3012 653 3076; x_wconf 90' lang='lat' dir='ltr'><strong>deorum</strong></span> <span class='ocrx_word' id='word_1_193' title='bbox 676 3011 777 3073; x_wconf 87' lang='lat' dir='ltr'><strong>tutela</strong></span> <span class='ocrx_word' id='word_1_194' title='bbox 806 3009 1023 3100; x_wconf 84' lang='lat' dir='ltr'><strong>indignissimi,</strong></span> <span class='ocrx_word' id='word_1_195' title='bbox 1053 3013 1138 3072; x_wconf 87' lang='lat' dir='ltr'><strong>serui</strong></span> <span class='ocrx_word' id='word_1_196' title='bbox 1167 3012 1303 3094; x_wconf 79' lang='lat' dir='ltr'><strong>pessimi,</strong></span> <span class='ocrx_word' id='word_1_197' title='bbox 1340 3014 1485 3079; x_wconf 85' lang='lat' dir='ltr'><strong>obaerati</strong></span> <span class='ocrx_word' id='word_1_198' title='bbox 1558 2995 1559 2998; x_wconf 8' lang='grc' dir='ltr'><strong>Ἴ</strong></span> 
     </span>
     <span class='ocr_line' id='line_1_26' title="bbox 353 3107 1559 3197; baseline -0.001 -12"><span class='ocrx_word' id='word_1_199' title='bbox 353 3117 538 3196; x_wconf 87' lang='lat' dir='ltr'><strong>uoluntarii,</strong></span> <span class='ocrx_word' id='word_1_200' title='bbox 568 3135 673 3177; x_wconf 87' lang='lat' dir='ltr'><strong>rerum</strong></span> <span class='ocrx_word' id='word_1_201' title='bbox 704 3115 885 3196; x_wconf 89' lang='lat' dir='ltr'><strong>capitalium</strong></span> <span class='ocrx_word' id='word_1_202' title='bbox 918 3115 1056 3197; x_wconf 90' lang='lat' dir='ltr'><strong>suspecti</strong></span> <span class='ocrx_word' id='word_1_203' title='bbox 1085 3115 1116 3176; x_wconf 92' lang='lat' dir='ltr'><strong>in</strong></span> <span class='ocrx_word' id='word_1_204' title='bbox 1145 3114 1216 3177; x_wconf 90' lang='lat' dir='ltr'><strong>loca</strong></span> <span class='ocrx_word' id='word_1_205' title='bbox 1246 3114 1299 3176; x_wconf 91' lang='lat' dir='ltr'><strong>illa</strong></span> <span class='ocrx_word' id='word_1_206' title='bbox 1328 3116 1484 3184; x_wconf 88' lang='lat' dir='ltr'><strong>inuiolata</strong></span> <span class='ocrx_word' id='word_1_207' title='bbox 1558 3107 1559 3116; x_wconf 10' lang='grc' dir='ltr'>ἵ</span> 
     </span>
     <span class='ocr_line' id='line_1_27' title="bbox 353 3216 1484 3304; baseline 0 -15"><span class='ocrx_word' id='word_1_208' title='bbox 353 3233 385 3289; x_wconf 91' lang='lat' dir='ltr'><strong>et</strong></span> <span class='ocrx_word' id='word_1_209' title='bbox 401 3244 489 3288; x_wconf 85' lang='lat' dir='ltr'><strong>sacra</strong></span> <span class='ocrx_word' id='word_1_210' title='bbox 505 3226 784 3304; x_wconf 87' lang='lat' dir='ltr'><strong>congregarentur,</strong></span> <span class='ocrx_word' id='word_1_211' title='bbox 800 3225 835 3280; x_wconf 91' lang='lat' dir='ltr'><strong>ut</strong></span> <span class='ocrx_word' id='word_1_212' title='bbox 852 3238 945 3280; x_wconf 90' lang='lat' dir='ltr'><strong>omne</strong></span> <span class='ocrx_word' id='word_1_213' title='bbox 962 3216 1010 3279; x_wconf 89' lang='lat' dir='ltr'><strong>ius</strong></span> <span class='ocrx_word' id='word_1_214' title='bbox 1027 3223 1121 3300; x_wconf 89' lang='lat' dir='ltr'><strong>atque</strong></span> <span class='ocrx_word' id='word_1_215' title='bbox 1137 3217 1290 3281; x_wconf 90' lang='lat' dir='ltr'><strong>iustitiam</strong></span> <span class='ocrx_word' id='word_1_216' title='bbox 1305 3220 1484 3290; x_wconf 87' lang='lat' dir='ltr'><strong>irriderent.</strong></span> 
     </span>
     <span class='ocr_line' id='line_1_28' title="bbox 355 3321 1559 3410; baseline -0.002 -18"><span class='ocrx_word' id='word_1_217' title='bbox 355 3324 616 3410; x_wconf 68' lang='lat' dir='ltr'><strong>‘complebantur</strong></span> <span class='ocrx_word' id='word_1_218' title='bbox 639 3323 721 3387; x_wconf 89' lang='lat' dir='ltr'><strong>enim</strong></span> <span class='ocrx_word' id='word_1_219' title='bbox 737 3323 856 3405; x_wconf 90' lang='lat' dir='ltr'><strong>templa</strong></span> <span class='ocrx_word' id='word_1_220' title='bbox 875 3321 1017 3404; x_wconf 88' lang='lat' dir='ltr'><strong>pessimis</strong></span> <span class='ocrx_word' id='word_1_221' title='bbox 1038 3322 1250 3396; x_wconf 78' lang='lat' dir='ltr'><strong>seruitiorum3</strong></span> <span class='ocrx_word' id='word_1_222' title='bbox 1275 3323 1387 3386; x_wconf 91' lang='lat' dir='ltr'><strong>codem</strong></span> <span class='ocrx_word' id='word_1_223' title='bbox 1410 3328 1486 3390; x_wconf 90' lang='lat' dir='ltr'><strong>sub·</strong></span> <span class='ocrx_word' id='word_1_224' title='bbox 1558 3379 1559 3404; x_wconf 79' lang='lat'><strong>,</strong></span> 
     </span>
     <span class='ocr_line' id='line_1_29' title="bbox 353 3407 1559 3511; baseline -0.002 -15"><span class='ocrx_word' id='word_1_225' title='bbox 353 3430 433 3496; x_wconf 88' lang='lat' dir='ltr'><strong>sidio</strong></span> <span class='ocrx_word' id='word_1_226' title='bbox 472 3429 615 3494; x_wconf 89' lang='lat' dir='ltr'><strong>obaerati</strong></span> <span class='ocrx_word' id='word_1_227' title='bbox 652 3425 819 3490; x_wconf 90' lang='lat' dir='ltr'><strong>aduersum</strong></span> <span class='ocrx_word' id='word_1_228' title='bbox 856 3423 1030 3488; x_wconf 87' lang='lat' dir='ltr'><strong>creditores</strong></span> <span class='ocrx_word' id='word_1_229' title='bbox 1063 3425 1266 3509; x_wconf 86' lang='lat' dir='ltr'><strong>suspectique</strong></span> <span class='ocrx_word' id='word_1_230' title='bbox 1301 3429 1483 3511; x_wconf 89' lang='lat' dir='ltr'><strong>capitalium</strong></span> <span class='ocrx_word' id='word_1_231' title='bbox 1558 3407 1559 3494; x_wconf 83' lang='lat' dir='ltr'><strong>l</strong></span> 
     </span>
     <span class='ocr_line' id='line_1_30' title="bbox 355 3527 1559 3615; baseline -0.001 -15"><span class='ocrx_word' id='word_1_232' title='bbox 355 3536 521 3600; x_wconf 90' lang='lat' dir='ltr'><strong>criminum</strong></span> <span class='ocrx_word' id='word_1_233' title='bbox 543 3531 795 3614; x_wconf 87' lang='lat' dir='ltr'><strong>receptabantur,</strong></span> <span class='ocrx_word' id='word_1_234' title='bbox 827 3549 885 3592; x_wconf 87' lang='lat' dir='ltr'><strong>nec</strong></span> <span class='ocrx_word' id='word_1_235' title='bbox 916 3529 1015 3591; x_wconf 92' lang='lat' dir='ltr'><strong>ullum</strong></span> <span class='ocrx_word' id='word_1_236' title='bbox 1047 3529 1121 3591; x_wconf 89' lang='lat' dir='ltr'><strong>satis</strong></span> <span class='ocrx_word' id='word_1_237' title='bbox 1154 3527 1294 3592; x_wconf 88' lang='lat' dir='ltr'><strong>ualidum</strong></span> <span class='ocrx_word' id='word_1_238' title='bbox 1316 3531 1485 3615; x_wconf 89' lang='lat' dir='ltr'><strong>imperium</strong></span> <span class='ocrx_word' id='word_1_239' title='bbox 1558 3531 1559 3578; x_wconf 78' lang='grc' dir='ltr'>ἶ</span> 
     </span>
     <span class='ocr_line' id='line_1_31' title="bbox 356 3631 1486 3716; baseline -0.001 -13"><span class='ocrx_word' id='word_1_240' title='bbox 356 3646 423 3704; x_wconf 91' lang='lat' dir='ltr'><strong>crat</strong></span> <span class='ocrx_word' id='word_1_241' title='bbox 447 3636 625 3702; x_wconf 87' lang='lat' dir='ltr'><strong>coercendis</strong></span> <span class='ocrx_word' id='word_1_242' title='bbox 649 3633 855 3697; x_wconf 85' lang='lat' dir='ltr'><strong>seditionibus</strong></span> <span class='ocrx_word' id='word_1_243' title='bbox 872 3631 989 3716; x_wconf 88' lang='lat' dir='ltr'><strong>populi,</strong></span> <span class='ocrx_word' id='word_1_244' title='bbox 1012 3631 1130 3713; x_wconf 84' lang='lat' dir='ltr'><strong>flagitia</strong></span> <span class='ocrx_word' id='word_1_245' title='bbox 1149 3631 1314 3696; x_wconf 91' lang='lat' dir='ltr'><strong>hominum</strong></span> <span class='ocrx_word' id='word_1_246' title='bbox 1336 3641 1371 3697; x_wconf 88' lang='lat' dir='ltr'><strong>ut</strong></span> <span class='ocrx_word' id='word_1_247' title='bbox 1387 3639 1486 3702; x_wconf 84' lang='lat' dir='ltr'><strong>caeri-</strong></span> 
     </span>
     <span class='ocr_line' id='line_1_32' title="bbox 355 3732 1487 3822; baseline -0.002 -15"><span class='ocrx_word' id='word_1_248' title='bbox 355 3742 478 3807; x_wconf 87' lang='lat' dir='ltr'><strong>monias</strong></span> <span class='ocrx_word' id='word_1_249' title='bbox 501 3740 596 3802; x_wconf 90' lang='lat' dir='ltr'><strong>deum</strong></span> <span class='ocrx_word' id='word_1_250' title='bbox 619 3732 853 3822; x_wconf 78' lang='lat' dir='ltr'><strong>protegentis&#39;.2</strong></span> <span class='ocrx_word' id='word_1_251' title='bbox 888 3735 993 3808; x_wconf 81' lang='lat' dir='ltr'><strong>Quare</strong></span> <span class='ocrx_word' id='word_1_252' title='bbox 1013 3734 1139 3798; x_wconf 84' lang='lat' dir='ltr'><strong>Tiberio</strong></span> <span class='ocrx_word' id='word_1_253' title='bbox 1163 3735 1343 3818; x_wconf 90' lang='lat' dir='ltr'><strong>imperatori</strong></span> <span class='ocrx_word' id='word_1_254' title='bbox 1366 3738 1487 3822; x_wconf 85' lang='lat' dir='ltr'><strong>placuit</strong></span> 
     </span>
     <span class='ocr_line' id='line_1_33' title="bbox 355 3839 1486 3931; baseline -0.003 -20"><span class='ocrx_word' id='word_1_255' title='bbox 355 3868 436 3912; x_wconf 88' lang='lat' dir='ltr'><strong>anno</strong></span> <span class='ocrx_word' id='word_1_256' title='bbox 452 3869 483 3931; x_wconf 91' lang='lat' dir='ltr'><strong>p.</strong></span> <span class='ocrx_word' id='word_1_257' title='bbox 501 3843 573 3907; x_wconf 80' lang='lat' dir='ltr'><strong>Chr.</strong></span> <span class='ocrx_word' id='word_1_258' title='bbox 589 3864 619 3905; x_wconf 87' lang='lat' dir='ltr'><strong>n.</strong></span> <span class='ocrx_word' id='word_1_259' title='bbox 636 3843 699 3922; x_wconf 82' lang='lat'><strong>22,</strong></span> <span class='ocrx_word' id='word_1_260' title='bbox 722 3847 757 3902; x_wconf 94' lang='lat' dir='ltr'><strong>ut</strong></span> <span class='ocrx_word' id='word_1_261' title='bbox 773 3839 900 3903; x_wconf 91' lang='lat' dir='ltr'><strong>urbium</strong></span> <span class='ocrx_word' id='word_1_262' title='bbox 916 3839 1120 3918; x_wconf 81' lang='lat' dir='ltr'><strong>Graecarum,</strong></span> <span class='ocrx_word' id='word_1_263' title='bbox 1145 3859 1227 3922; x_wconf 91' lang='lat' dir='ltr'><strong>quae</strong></span> <span class='ocrx_word' id='word_1_264' title='bbox 1249 3841 1338 3924; x_wconf 84' lang='lat' dir='ltr'><strong>asyla</strong></span> <span class='ocrx_word' id='word_1_265' title='bbox 1361 3864 1486 3909; x_wconf 91' lang='lat' dir='ltr'><strong>eorum-</strong></span> 
     </span>
     <span class='ocr_line' id='line_1_34' title="bbox 356 3943 1486 4036; baseline 0.002 -24"><span class='ocrx_word' id='word_1_266' title='bbox 356 3971 419 4036; x_wconf 89' lang='lat' dir='ltr'><strong>que</strong></span> <span class='ocrx_word' id='word_1_267' title='bbox 441 3948 595 4015; x_wconf 89' lang='lat' dir='ltr'><strong>beneficia</strong></span> <span class='ocrx_word' id='word_1_268' title='bbox 610 3945 820 4030; x_wconf 87' lang='lat' dir='ltr'><strong>postularent,</strong></span> <span class='ocrx_word' id='word_1_269' title='bbox 840 3947 1038 4009; x_wconf 88' lang='lat' dir='ltr'><strong>mitterentur</strong></span> <span class='ocrx_word' id='word_1_270' title='bbox 1052 3943 1158 4028; x_wconf 87' lang='lat' dir='ltr'><strong>legati,</strong></span> <span class='ocrx_word' id='word_1_271' title='bbox 1180 3950 1215 4006; x_wconf 94' lang='lat' dir='ltr'><strong>ut</strong></span> <span class='ocrx_word' id='word_1_272' title='bbox 1230 3943 1486 4014; x_wconf 83' lang='lat' dir='ltr'><strong>examinarentur</strong></span> 
     </span>
     <span class='ocr_line' id='line_1_35' title="bbox 357 4048 1487 4139; baseline -0.003 -20"><span class='ocrx_word' id='word_1_273' title='bbox 357 4061 389 4119; x_wconf 87' lang='lat' dir='ltr'><strong>ct</strong></span> <span class='ocrx_word' id='word_1_274' title='bbox 412 4052 661 4139; x_wconf 87' lang='lat' dir='ltr'><strong>disquirerentur</strong></span> <span class='ocrx_word' id='word_1_275' title='bbox 682 4050 752 4112; x_wconf 88' lang='lat' dir='ltr'><strong>iura</strong></span> <span class='ocrx_word' id='word_1_276' title='bbox 775 4056 870 4134; x_wconf 88' lang='lat' dir='ltr'><strong>atque</strong></span> <span class='ocrx_word' id='word_1_277' title='bbox 893 4048 1060 4132; x_wconf 89' lang='lat' dir='ltr'><strong>priuilegia</strong></span> <span class='ocrx_word' id='word_1_278' title='bbox 1083 4049 1150 4110; x_wconf 90' lang='lat' dir='ltr'><strong>siue</strong></span> <span class='ocrx_word' id='word_1_279' title='bbox 1173 4068 1285 4130; x_wconf 90' lang='lat' dir='ltr'><strong>regum</strong></span> <span class='ocrx_word' id='word_1_280' title='bbox 1308 4049 1378 4114; x_wconf 89' lang='lat' dir='ltr'><strong>siue</strong></span> <span class='ocrx_word' id='word_1_281' title='bbox 1401 4051 1487 4136; x_wconf 88' lang='lat' dir='ltr'><strong>lega·</strong></span> 
     </span>
     <span class='ocr_line' id='line_1_36' title="bbox 356 4151 1487 4235; baseline -0.001 -13"><span class='ocrx_word' id='word_1_282' title='bbox 356 4165 461 4222; x_wconf 90' lang='lat' dir='ltr'><strong>torum</strong></span> <span class='ocrx_word' id='word_1_283' title='bbox 493 4157 711 4221; x_wconf 89' lang='lat' dir='ltr'><strong>Romanorum</strong></span> <span class='ocrx_word' id='word_1_284' title='bbox 743 4155 811 4218; x_wconf 88' lang='lat' dir='ltr'><strong>siue</strong></span> <span class='ocrx_word' id='word_1_285' title='bbox 842 4153 975 4216; x_wconf 88' lang='lat' dir='ltr'><strong>aliorum</strong></span> <span class='ocrx_word' id='word_1_286' title='bbox 1011 4153 1252 4235; x_wconf 88' lang='lat' dir='ltr'><strong>magistratuum</strong></span> <span class='ocrx_word' id='word_1_287' title='bbox 1286 4151 1418 4218; x_wconf 88' lang='lat' dir='ltr'><strong>decretis</strong></span> <span class='ocrx_word' id='word_1_288' title='bbox 1449 4158 1487 4222; x_wconf 92' lang='lat' dir='ltr'><strong>iis</strong></span> 
     </span>
    </p>
   </div>
   <div class='ocr_carea' id='block_1_3' title="bbox 357 4274 561 4284">
    <p class='ocr_par' dir='ltr' id='par_1_6' title="bbox 357 4274 561 4284">
     <span class='ocr_line' id='line_1_37' title="bbox 357 4274 561 4284; baseline -0.01 0"><span class='ocrx_word' id='word_1_289' title='bbox 357 4274 561 4284; x_wconf 39' lang='lat' dir='ltr'><strong>...u———A—</strong></span> 
     </span>
    </p>
   </div>
   <div class='ocr_carea' id='block_1_4' title="bbox 460 4307 1486 4377">
    <p class='ocr_par' dir='ltr' id='par_1_7' title="bbox 460 4307 1486 4377">
     <span class='ocr_line' id='line_1_38' title="bbox 460 4307 1486 4377; baseline -0.004 -9"><span class='ocrx_word' id='word_1_290' title='bbox 460 4315 524 4368; x_wconf 82' lang='lat' dir='ltr'><strong>10t.</strong></span> <span class='ocrx_word' id='word_1_291' title='bbox 543 4311 690 4372; x_wconf 77' lang='lat' dir='ltr'><strong>Jsenisct,</strong></span> <span class='ocrx_word' id='word_1_292' title='bbox 716 4312 734 4362; x_wconf 92' lang='lat' dir='ltr'><strong>l.</strong></span> <span class='ocrx_word' id='word_1_293' title='bbox 754 4327 784 4377; x_wconf 83' lang='lat'><strong>03</strong></span> <span class='ocrx_word' id='word_1_294' title='bbox 802 4327 865 4377; x_wconf 82' lang='lat' dir='ltr'><strong>pag.</strong></span> <span class='ocrx_word' id='word_1_295' title='bbox 884 4311 900 4362; x_wconf 88' lang='grc'>9</span> <span class='ocrx_word' id='word_1_296' title='bbox 918 4326 978 4362; x_wconf 90' lang='lat' dir='ltr'><strong>cum</strong></span> <span class='ocrx_word' id='word_1_297' title='bbox 1002 4308 1065 4361; x_wconf 92' lang='lat' dir='ltr'><strong>adn.</strong></span> <span class='ocrx_word' id='word_1_298' title='bbox 1084 4307 1108 4376; x_wconf 81' lang='lat'><strong>5,</strong></span> <span class='ocrx_word' id='word_1_299' title='bbox 1131 4309 1178 4359; x_wconf 91' lang='lat' dir='ltr'><strong>ubi</strong></span> <span class='ocrx_word' id='word_1_300' title='bbox 1203 4311 1340 4360; x_wconf 89' lang='lat' dir='ltr'><strong>doctorum</strong></span> <span class='ocrx_word' id='word_1_301' title='bbox 1367 4309 1486 4366; x_wconf 90' lang='lat' dir='ltr'><strong>uirorum</strong></span> 
     </span>
    </p>
   </div>
   <div class='ocr_carea' id='block_1_5' title="bbox 357 4398 950 4554">
    <p class='ocr_par' dir='ltr' id='par_1_8' title="bbox 357 4398 950 4554">
     <span class='ocr_line' id='line_1_39' title="bbox 357 4398 950 4457; baseline -0.013 0"><span class='ocrx_word' id='word_1_302' title='bbox 357 4402 507 4457; x_wconf 89' lang='lat' dir='ltr'><strong>laudantur</strong></span> <span class='ocrx_word' id='word_1_303' title='bbox 527 4399 560 4452; x_wconf 91' lang='lat' dir='ltr'><strong>dc</strong></span> <span class='ocrx_word' id='word_1_304' title='bbox 578 4400 631 4450; x_wconf 89' lang='lat' dir='ltr'><strong>hac</strong></span> <span class='ocrx_word' id='word_1_305' title='bbox 650 4414 679 4448; x_wconf 91' lang='lat' dir='ltr'><strong>rc</strong></span> <span class='ocrx_word' id='word_1_306' title='bbox 699 4398 950 4450; x_wconf 84' lang='lat' dir='ltr'><strong>commentationes.</strong></span> 
     </span>
     <span class='ocr_line' id='line_1_40' title="bbox 461 4483 865 4554; baseline -0.007 -13"><span class='ocrx_word' id='word_1_307' title='bbox 461 4490 471 4526; x_wconf 84' lang='lat'>²</span> <span class='ocrx_word' id='word_1_308' title='bbox 490 4487 587 4551; x_wconf 80' lang='lat' dir='ltr'><strong>Tacit,</strong></span> <span class='ocrx_word' id='word_1_309' title='bbox 605 4501 667 4537; x_wconf 87' lang='lat' dir='ltr'><strong>ann.</strong></span> <span class='ocrx_word' id='word_1_310' title='bbox 686 4484 729 4538; x_wconf 94' lang='lat' dir='ltr'><strong>III</strong></span> <span class='ocrx_word' id='word_1_311' title='bbox 748 4500 807 4554; x_wconf 88' lang='lat' dir='ltr'><strong>cap.</strong></span> <span class='ocrx_word' id='word_1_312' title='bbox 825 4483 865 4538; x_wconf 88' lang='grc'><strong>60.</strong></span> 
     </span>
    </p>
   </div>
   <div class='ocr_carea' id='block_1_6' title="bbox 0 0 1604 5178">
    <p class='ocr_par' dir='ltr' id='par_1_9' title="bbox 0 0 1604 5178">
     <span class='ocr_line' id='line_1_41' title="bbox 0 0 1604 5178; baseline 0 0"><span class='ocrx_word' id='word_1_313' title='bbox 0 0 1604 5178; x_wconf 95' lang='lat' dir='ltr'><strong> </strong></span> 
     </span>
    </p>
   </div>
  </div>
 </body>
</html>
