3180 5178
745 485 955 546 ..60-

389 671 442 737 Ob
457 673 596 738 eiusdem
611 671 793 754 Aesculapii
809 671 860 734 dei
876 671 1004 754 cultum,
1021 672 1156 736 maxime
1173 680 1277 736 autern
1289 680 1418 758 propter

288 773 513 859 Xenophontis
536 775 603 859 Coi,
627 776 741 840 medici
771 776 900 838 illustris
922 775 962 838 de
985 797 1018 839 se
1041 777 1163 859 merita,
1186 777 1338 842 Claudius
1361 780 1418 843 irn-

287 887 414 962 perator
436 879 507 946 Oois
529 881 763 945 immunitatem
786 880 895 943 tribuit
917 879 956 943 D.
975 879 1071 944 Junio
1088 879 1196 944 Silano
1221 882 1258 955 Q.
1283 882 1416 947 Haterio

287 984 488 1068 consulibus,¹
512 986 557 1048 ita
584 990 619 1048 ut
641 985 726 1048 omni
748 985 865 1048 tributo
888 985 980 1048 uacui
1002 985 1034 1047 in
1057 992 1217 1069 posterum
1240 1006 1362 1050 sacram
1384 995 1416 1052 et

288 1094 411 1152 tantum
434 1090 484 1153 dei
508 1086 724 1172 (Aesculapii)
748 1088 921 1152 ministram
945 1075 1084 1152 insulam
1102 1090 1241 1153 colerent
1264 1089 1329 1153 Ooi.

389 1195 441 1258 42.
459 1191 558 1256 Samii
576 1193 615 1256 de
628 1192 760 1257 Junonis
777 1193 908 1277 asylo
881 1213 1009 1276 eiusque
1025 1193 1199 1276 priuilegiis
1216 1193 1256 1256 ad
1273 1200 1417 1258 senatum

289 1402 396 1464 floruit
384 1348 506 1466 ttesle
529 1402 663 1467 Tacito
708 1401 843 1466 Idemt
829 1402 993 1488 templum,
1024 1401 1196 1485 antiquitus
1224 1403 1264 1466 ab
1288 1401 1421 1486 Amphi·

287 1505 453 1590 ctyonihus
476 1508 556 1592 asyli
580 1509 646 1571 iure
669 1506 857 1590 praeditum,
881 1507 1031 1590 spiratis
1055 1505 1138 1569 haud
1162 1505 1257 1570 dubie
1287 1513 1419 1590 propter

286 1609 411 1673 diuitias
446 1611 490 1674 ihi
523 1612 694 1676 collocatas
726 1612 861 1696 petitum
894 1617 989 1694 atque
1023 1610 1135 1693 opibus
1169 1609 1337 1693 spoliatum
1371 1616 1419 1674 est

286 1713 411 1777 saeculo
434 1735 463 1778 a.
483 1713 556 1780 uhr.
573 1713 701 1799 primo.3
736 1713 843 1798 Atque
866 1735 899 1778 re
923 1735 999 1778 uera
1022 1735 1063 1777 ex
1079 1712 1250 1777 Cicerone4
1273 1713 1420 1777 discimus

288 1839 353 1881 non
383 1818 488 1882 solum
515 1820 641 1883 omnino
668 1820 706 1882 in·
733 1818 815 1882 fanis
847 1819 1012 1902 pecuniam
1044 1818 1203 1899 deponere
1227 1817 1422 1882 Graecorum

286 1920 381 1985 fnisse
411 1943 548 2006 morem,
580 1922 634 1987 sed
666 1923 762 1986 etiam
786 1922 903 1987 Junoni
932 1922 1068 2005 Samiae,
1100 1921 1180 2005 asyli
1212 1921 1311 1984 nostri
1341 1920 1421 1984 deae

288 2026 434 2110 praesidi,
449 2022 651 2091 ‘Clisthenem
668 2026 906 2110 Atheniensem,
928 2027 1032 2090 ciuem
1047 2026 1221 2109 egregium,
1241 2045 1312 2088 oum
1328 2025 1423 2088 rebus

290 2131 416 2194 timeret
446 2132 527 2215 suis,
559 2131 697 2194 filiarum
729 2131 820 2194 dotes
852 2127 1038 2194 credidisse’.
1084 2129 1264 2193 Samiorum
1295 2149 1423 2213 quoque

289 2235 412 2318 asylum
436 2234 538 2299 denuo
561 2236 728 2299 confirmat
715 2241 782 2299 tum
805 2241 854 2298 est
840 2234 1055 2298 taRomanis
1078 2254 1208 2318 annop.
1226 2232 1299 2298 Chr.
1323 2255 1354 2296 n.
1370 2235 1422 2295 22.

559 2382 653 2448 adn.
681 2381 953 2447 recuruato.
980 2383 1148 2444 luetur

657 2670 697 2733 ad
720 2691 750 2734 n.
775 2672 826 2734 21.
851 2671 901 2734 47.
920 2671 976 2732 .54.
1001 2671 1052 2733 56.

641 2808 787 2873 ASYLA
811 2806 1075 2873 PHOENIOES.

392 2978 443 3041 21.
477 2975 562 3040 Dora
595 2975 772 3039 Phoenices
803 2969 879 3054 (ἱερὰ
910 2973 958 3034 καὶ
990 2966 1108 3046 ἄσυλος’
1139 2969 1249 3033 titulos
1281 2976 1424 3054 captasse

288 3081 376 3145 uidet
363 3087 415 3144 tur
437 3088 567 3165 propter
590 3080 778 3163 religionem
796 3078 894 3159 Jouis‚
918 3077 1005 3140 ouius
1028 3080 1123 3156 caput
1145 3074 1367 3158 plerumquet
1369 3093 1422 3134 am

289 3187 321 3250 in
337 3194 392 3249 aut
394 3187 525 3266 onomis,
541 3206 636 3269 quam
654 3183 865 3268 imperatoriis
882 3184 1102 3263 comparetut
1066 3177 1210 3241 utdocet
1226 3173 1425 3240 Eckhelius.5

291 3290 500 3372 Priuilegium
530 3293 585 3351 aut
588 3309 638 3351 em
661 3285 831 3361 bootlagt
818 3284 917 3349 trihnt
905 3290 972 3346 tum
1000 3288 1047 3346 est
1070 3280 1162 3345 Jouis
1188 3279 1359 3363 Nicephori
1388 3285 1424 3341 ut

290 3392 440 3458 uidetur6
470 3393 589 3477 templo
613 3413 631 3455 a
654 3389 841 3475 Tryphone,
869 3387 979 3472 Syriae
1011 3407 1102 3469 rege,
1131 3385 1183 3469 qui
1211 3380 1427 3465 cv‘roxpc‘topa

290 3517 358 3561 sese
382 3496 565 3581 appellauit.
612 3494 673 3569 Qui
694 3499 861 3577 usurpator
884 3490 1009 3573 fugiens
1031 3489 1120 3552 uenit
1142 3487 1273 3568 Dorum,
1306 3484 1359 3549 ubi
1382 3485 1423 3549 ab

293 3600 452 3664 Antiocho
475 3599 552 3665 VII.
576 3597 786 3664 obsidebatur.
832 3595 921 3659 Dora
954 3599 1060 3658 autem
1092 3593 1167 3656 urbs
1200 3592 1269 3674 ipsa
1302 3589 1428 3653 fortiter

293 3705 423 3768 defensa
456 3709 564 3768 contra
595 3700 787 3765 Antiochum
822 3698 970 3764 tolerauit
1003 3696 1199 3761 obsidionem
1230 3692 1428 3778 aliquamdiu

292 3830 415 3873 summa
437 3807 570 3872 audacia
602 3827 673 3870 cum
696 3811 822 3869 centum
845 3802 960 3885 uiginti
986 3800 1113 3864 milibus
1136 3797 1279 3883 peditum
1302 3807 1334 3861 et
1356 3802 1429 3861 octo

395 4015 517 4080 ¹Tacit.,
537 4029 599 4066 anu.
620 4013 677 4064 XII
695 4011 737 4065 61.

394 4101 520 4166 ²Taoit.,
541 4116 603 4152 erin.
622 4099 662 4150 IV
685 4098 726 4150 14.

393 4189 403 4223 ³
421 4189 504 4253 Plur,
522 4189 619 4254 Pomp.
639 4184 681 4237 24.

394 4277 405 4312 ⁴
424 4275 520 4338 Cicer..
539 4275 572 4325 do
592 4276 666 4339 legg.
685 4271 713 4322 11
733 4271 774 4336 16,
793 4269 834 4321 41.

395 4366 404 4398 ⁵
423 4362 549 4423 nannet,
567 4362 599 4412 D.
619 4358 650 4411 N.
671 4358 703 4411 V.
722 4357 765 4408 III
783 4373 810 4424 p.
829 4352 888 4408 363.

397 4451 407 4486 ⁶
426 4451 495 4502 Nam
509 4448 618 4516 postica
635 4445 735 4496 nummi
748 4440 905 4510 Tryphonis
925 4439 1041 4507 praebet
1054 4437 1151 4488 Jouem
1171 4441 1289 4488 stantem
1308 4437 1336 4486 et
1352 4448 1433 4486 coro·

293 4554 354 4591 nam
374 4541 511 4590 tenentem
531 4551 612 4587 manu
631 4533 727 4585 dextra
745 4535 882 4598 porrecta.
919 4525 1062 4590 hlionnet,
1081 4522 1106 4573 V
1125 4539 1152 4590 p.
1172 4521 1205 4575 72
1222 4539 1248 4573 n.
1267 4519 1325 4574 631.
