3180 5178
582 480 794 560 ..es-

120 671 243 742 ‘Saorae
266 681 298 739 et
320 670 406 761 asyli’
430 680 536 738 autem
559 675 693 740 honores
716 674 783 738 sine
807 673 901 738 dubio
925 673 1092 738 abstulerit
1110 672 1247 758 Tripolis

122 782 196 845 urbs
218 802 260 845 ex
283 779 470 844 Cabirorum
492 779 545 843 nel
568 780 791 844 Dioseurorum
818 778 914 859 cultu,
945 800 1079 863 quorum
1102 784 1196 864 typus
1218 780 1251 843 in

122 886 188 949 eius
211 886 346 948 nummis
369 884 550 967 saepissime
570 883 754 966 inuenitur,¹
777 884 872 946 itaut
896 883 935 947 de
953 882 1177 947 Dioscurorum
1200 886 1252 947 uel

122 991 226 1074 potius
250 988 437 1053 Cabirorum
461 987 546 1071 apud
562 987 776 1070 Tripolitanos
799 987 887 1070 asylo
910 987 964 1050 uix
984 986 1123 1052 dubitari
1145 989 1251 1071 possit.

121 1091 267 1157 Fortasse
290 1093 330 1157 ab
353 1092 467 1156 eodem
481 1091 634 1176 Pompeio
657 1087 786 1167 ἀσυλίας
809 1090 960 1155 beneficio
984 1091 1139 1175 templum
1161 1091 1255 1155 Gabi·

121 1219 229 1261 rorum
252 1202 399 1260 ornatum
421 1201 468 1259 est
489 1214 573 1259 anno
596 1216 626 1258 a.
650 1194 723 1259 Chr.
748 1217 779 1258 ιι.
804 1197 854 1260 63.
970 1187 974 1194 ’

221 1303 272 1364 56.
296 1298 415 1385 Tyrum
432 1299 608 1362 Phoenices
631 1298 742 1362 urbem
764 1299 913 1382 permulti
929 1298 1113 1382 praedicant
1135 1298 1255 1362 nummi

30 1409 31 1412 ’
120 1401 216 1488 ‘teptis
239 1405 287 1467 καὶ
303 1399 424 1466 iooiou’
446 1402 519 1466 inde
535 1423 554 1465 a
569 1402 724 1466 Demetrii
739 1401 795 1484 11.,
819 1401 929 1487 Syriae
945 1404 1037 1485 regis,
1060 1403 1254 1486 temporibus

120 1509 150 1572 h.
175 1530 202 1573 e.
226 1509 266 1572 ab
296 1529 378 1572 anno
407 1527 500 1570 aerae
523 1504 760 1570 Seleucidnrum
786 1508 858 1570 179.
881 1506 934 1570 uel
964 1526 1047 1570 anno
1071 1528 1098 1571 a.
1124 1505 1197 1570 Chr.
1221 1527 1252 1570 ιι.

30 1607 31 1634 ³
126 1614 194 1676 140.
218 1633 317 1696 usque
343 1611 383 1675 ad
407 1611 531 1674 initium
559 1610 627 1674 fere
649 1611 767 1675 saeculi
797 1631 827 1694 p.
851 1609 924 1678 (thr.
947 1610 990 1674 II.
1015 1610 1099 1691 (aire.
1127 1630 1157 1692 p.-
1180 1608 1254 1674 (thr.

30 1747 31 1752 ¹
122 1740 153 1783 ιι.
179 1715 279 1794 117.)2

30 1835 31 1902 ᾗ
225 1821 274 1884 De
305 1826 447 1902 tempore
478 1823 584 1882 autem
617 1839 679 1902 quo
711 1817 881 1903 Tyriorum
912 1819 1066 1903 templum
1097 1824 1128 1882 et
1151 1839 1169 1881 a
1192 1839 1253 1902 quo

122 1933 249 1990 auctore
272 1921 397 1999 ἀσυλίας
420 1923 586 2008 priuilegio
610 1928 757 1986 ornatum
772 1923 813 1986 sit
829 1922 905 1987 nihil
929 1924 1006 1986 certi
1028 1929 1167 1987 statuere
1182 1944 1254 2007 pos·

30 2019 31 2070 l
122 2050 239 2112 sumus,
262 2029 321 2092 nisi
344 2029 427 2091 forte
455 2027 494 2090 ad
517 2027 716 2090 Demetrium
738 2026 783 2091 II.
808 2027 912 2111 ipsum
938 2047 1047 2110 regem
1069 2026 1254 2091 referendus

30 2123 31 2166 1
123 2139 170 2197 est
193 2134 273 2218 asyli
303 2133 401 2197 nostri
430 2137 532 2210 ortus,
567 2151 639 2194 eum
669 2131 753 2194 idern
785 2153 843 2194 rex
874 2132 995 2215 proelio
1027 2132 1128 2196 uictus
1160 2136 1192 2194 et
1214 2129 1254 2194 ab

124 2237 268 2302 omnibus
290 2236 342 2300 uel
365 2235 405 2298 ab
427 2257 527 2299 uxore
555 2234 691 2319 filiisque
720 2233 861 2298 desertus
890 2255 962 2298 eum
991 2236 1098 2319 paucis
1121 2236 1254 2300 seruulis

124 2363 192 2406 sese
208 2342 376 2425 recepisset
393 2340 426 2402 in
441 2339 589 2404 Herculis
605 2338 772 2424 Tyriorum
792 2345 827 2402 nt
842 2339 967 2403 uidetur
983 2340 1147 2424 templum,
1170 2339 1255 2423 quod

124 2444 266 2510 oonelndi
294 2449 399 2528 potest
428 2464 469 2506 ex
491 2441 609 2506 Iustini
638 2442 842 2526 testimonio,3
871 2464 932 2526 quo
957 2443 1078 2528 Tyrum
1100 2442 1254 2526 religione

124 2549 235 2632 templi
258 2548 338 2629 (sine
362 2547 457 2611 dubio
479 2545 642 2628 Herculis)
666 2567 699 2610 se
722 2546 908 2610 defensurus
929 2547 1029 2631 petiit.

225 2651 394 2716 Gaudebat
416 2657 524 2714 autem
538 2649 643 2735 Tyrus
665 2650 785 2735 templo
809 2651 889 2735 asyli
909 2651 977 2715 iure
993 2651 1148 2735 praedito,
1171 2651 1255 2715 unde

31 2741 32 2766 ¹
124 2754 251 2818 titulum
273 2775 398 2839 quoque
420 2750 497 2836 ‘lapsi
513 2755 561 2817 καὶ
577 2748 696 2828 ἄσυλος’
717 2755 838 2838 aceepit
854 2761 938 2818 oerte
960 2777 1059 2839 usque
1081 2756 1121 2820 ad
1137 2756 1256 2820 saeculi

123 2880 154 2943 p.
177 2858 250 2922 Chr.
274 2857 318 2923 II.
342 2859 445 2922 finem.
482 2856 567 2922 Nam
588 2856 742 2922 habemus
757 2857 907 2922 titulum1
930 2857 1072 2924 Puteolis
1093 2865 1254 2944 repertum

32 3011 33 3048 p
123 2985 205 3027 anno
228 2984 259 3047 p.
283 2963 356 3027 Chr.
379 2985 410 3028 n.
436 2964 506 3026 174.
531 2961 745 3043 tribuendum,
769 2983 830 3046 quo
854 2964 1032 3027 continetur
1056 2965 1190 3048 epistula
1213 2962 1254 3028 ad

32 3059 33 3062 ¹
124 3068 289 3152 Tyriorum
305 3068 418 3132 urbem
432 3067 557 3151 scripta,
580 3066 634 3130 ubi
652 3066 763 3131 atalia
781 3067 899 3130 eximia
912 3068 1061 3151 leguntur
1076 3068 1153 3153 Tyri
1168 3069 1254 3132 urbis

229 3244 238 3278 ¹
258 3241 292 3296 oi.
311 3242 434 3304 Eokhsl„
453 3242 485 3293 D.
504 3239 536 3292 N.
555 3240 587 3292 V.
607 3240 651 3292 III
668 3257 695 3306 p.
713 3239 771 3294 376.

33 3397 34 3406 ¹
230 3331 241 3365 ²
260 3329 400 3388 Mionnet.‚
419 3329 436 3379 l.
455 3343 477 3378 r.
491 3326 555 3393 Vp.
575 3325 608 3379 66
626 3343 652 3378 ιι.
673 3325 735 3392 667;
755 3343 780 3392 p.
800 3325 833 3378 67
851 3343 876 3378 ιι.
896 3325 962 3393 686;
980 3344 1005 3393 p.
1025 3326 1058 3379 78
1076 3345 1101 3379 n.
1121 3327 1255 3394 689.691;

33 3413 34 3438 ³
125 3434 151 3484 p.
170 3416 204 3469 79
222 3433 248 3469 n.
267 3414 325 3468 699.
345 3414 403 3468 696.
422 3413 481 3466 097.
500 3412 558 3466 698.
577 3411 643 3477 699;
661 3429 687 3480 p.
707 3411 758 3464 498
777 3430 802 3465 ιι.
821 3412 879 3466 618.
893 3412 951 3466 619.
970 3413 1036 3478 700;
1054 3431 1080 3481 p.
1098 3413 1133 3467 80
1151 3431 1176 3467 ιι,
1195 3413 1255 3468 709.

123 3503 183 3558 703.
196 3503 254 3556 704.
274 3502 338 3568 706;
356 3518 383 3569 p.
397 3500 448 3554 409
466 3518 492 3552 ιι.
505 3499 562 3552 471.
576 3498 642 3564 479;
660 3515 686 3566 p.
698 3499 749 3552 410
767 3517 793 3552 n.
806 3498 866 3552 473.
884 3499 944 3552 474.
962 3499 1021 3552 476.
1040 3500 1098 3553 476.
1118 3501 1175 3552 477.
1194 3499 1253 3553 478.

33 3584 1256 3666 Νωωωμωωωωωωωωωμη

125 3696 150 3730 ιι.
171 3677 230 3730 490.
249 3675 308 3729 491.
327 3673 386 3728 499.
405 3673 463 3728 493.
482 3673 541 3727 494.
559 3672 617 3726 496.
636 3672 694 3726 496.
713 3671 771 3725 497.
790 3672 848 3727 498.
868 3673 934 3740 499;
958 3690 984 3740 p.
1003 3673 1054 3727 413
1072 3691 1098 3726 n.
1117 3673 1176 3728 600.
1195 3673 1254 3726 601.

124 3763 183 3816 609.
208 3761 266 3815 603.
291 3759 351 3815 604.
376 3758 435 3813 606.
461 3757 520 3813 606.
552 3759 610 3812 607.
635 3759 694 3812 608.
713 3758 772 3812 609.
792 3758 853 3823 610;
885 3776 911 3825 p.
931 3757 982 3810 414
1000 3775 1027 3810 n.
1047 3759 1105 3812 611.
1123 3758 1181 3812 619.
1195 3758 1254 3814 613.

34 3847 35 3904 l
124 3851 185 3906 614.
210 3847 269 3903 616.
293 3847 352 3902 616.
377 3846 436 3901 617.
461 3845 519 3900 618.
542 3846 601 3900 619.
626 3845 690 3906 690;
721 3863 745 3912 p.
765 3847 815 3900 416
833 3863 860 3897 n.
879 3845 938 3900 691.
962 3844 1021 3898 699.
1040 3845 1099 3900 693.
1118 3845 1175 3900 694.
1195 3845 1254 3900 696.

34 3933 35 3984 l
124 3937 183 3992 696.
202 3934 261 3988 697.
279 3933 338 3989 698.
357 3933 416 3988 699.
435 3932 493 3987 530.
512 3932 576 3999 631;
600 3950 626 4000 p.
645 3933 696 3986 416
714 3950 741 3985 ιι.
760 3932 820 3987 639.
837 3931 896 3986 633.
914 3931 973 3986 634.
992 3932 1051 3987 636.
1069 3932 1132 3993 637;
1158 3950 1183 3999 p.
1203 3934 1254 3986 417

34 4035 35 4054 ¹
123 4041 151 4078 n.
170 4023 228 4077 639.
247 4021 305 4075 640.
324 4022 383 4076 643.
402 4021 468 4087 644;
495 4037 520 4088 p.
533 4019 585 4073 418
603 4038 628 4072 ιι.
647 4020 705 4073 646.
725 4020 784 4071 647.
802 4019 861 4074 648.
879 4019 942 4078 649;
962 4019 1256 4086 pulpamenta.

124 4110 190 4175 669;
208 4125 234 4175 p.
254 4106 305 4160 490
322 4124 347 4158 ιι.
366 4105 426 4160 660.
444 4105 502 4159 661.
521 4104 587 4170 669;
606 4121 630 4172 p.
644 4103 693 4156 491
708 4123 734 4158 ιι.
747 4104 811 4168 669;
831 4103 924 4171 Snppl.
942 4104 1013 4156 VIII
1031 4121 1056 4171 p.
1075 4105 1126 4159 996
1144 4123 1168 4157 n.
1188 4105 1254 4168 2713

35 4263 36 4268 Ἰ
122 4215 149 4266 p.
168 4195 219 4250 997
237 4214 263 4248 ιι.
282 4195 348 4261 976;
369 4212 394 4261 p.
412 4192 464 4246 300
482 4211 507 4245 n.
526 4193 583 4247 996.
603 4225 637 4234 -
656 4192 778 4259 Tokhel„
802 4194 820 4244 l.
839 4209 862 4245 e.
880 4193 925 4244 III
943 4209 967 4258 p.
986 4191 1037 4246 379
1055 4209 1081 4246 ιι.
1100 4191 1124 4245 6.
1143 4192 1168 4243 7.
1186 4192 1210 4243 8.
1229 4192 1254 4245 9.

35 4269 36 4274 ¹
125 4287 165 4340 10.
186 4286 226 4339 11.
248 4284 292 4348 19;
316 4300 344 4350 p.
362 4281 414 4335 380
432 4297 458 4332 n.
479 4281 518 4334 13.
546 4280 587 4332 14.
608 4280 646 4333 16.
669 4279 707 4333 16.
727 4281 766 4333 17.
788 4278 827 4333 18.
848 4278 888 4333 19.
906 4279 947 4331 90.
972 4280 1013 4332 91.
1032 4278 1073 4331 99.
1092 4278 1133 4333 93.
1152 4278 1193 4332 94.
1212 4278 1254 4332 96.

35 4377 36 4432 ζ
122 4373 164 4428 96.
183 4373 224 4426 97.
243 4369 285 4423 98.
304 4368 345 4421 99.
363 4368 411 4434 31;
430 4385 456 4435 p.
475 4367 533 4421 381.
553 4384 579 4420 ιι.
598 4367 642 4422 34.
660 4365 701 4420 36.
719 4365 763 4420 37.

35 4465 36 4478 ’
226 4455 378 4510 ³xxx1x
399 4461 420 4508 l.

226 4545 237 4579 ⁴
257 4543 286 4596 0.
305 4543 326 4594 Ι.
347 4544 378 4596 G.
397 4543 441 4594 ΙΙΙ
458 4559 484 4594 ιι.
503 4541 579 4596 6863.
