3180 5178
593 443 805 520 ..15-

437 681 477 746 ad
500 705 531 747 n.
555 685 584 748 5.
613 685 658 746 12.
685 687 735 749 28.
760 688 811 750 33.
837 690 888 754 lo.
912 688 962 752 53.

504 803 670 870 'ASYLA
695 805 873 874 OARIAII.

237 949 267 1010 5.
293 946 436 1030 Amyzou
468 946 543 1009 urbs
578 945 739 1029 gaudebat
767 949 858 1033 asylo
890 957 926 1015 ut
957 957 1093 1018 testatur
1125 957 1264 1023 titulus.¹

129 1050 224 1136 Asyli
245 1051 294 1113 ius
317 1050 452 1113 assecuti
477 1069 546 1113 esse
569 1051 719 1114 uidentur
734 1051 968 1138 Amyzoucnses
993 1057 1146 1125 beneficio
1161 1063 1265 1127 cuius-

128 1153 205 1217 dam
228 1153 338 1237 regis,2
364 1154 417 1237 qui
440 1153 643 1218 condiciones
666 1156 740 1219 iuris
763 1156 846 1220 illius
869 1167 1017 1224 accurate
1040 1171 1074 1227 ut
1097 1166 1165 1230 fieri
1180 1169 1263 1235 solet

126 1257 382 1340 circumscripsit,
406 1260 493 1322 ouius
517 1259 562 1322 rei
585 1264 684 1323 testes
699 1265 773 1322 eunt
793 1263 907 1326 uerba:
937 1263 980 1328 ‘ed
995 1271 1114 1350 μηθενὶ
1130 1271 1262 1354 ἐνοχλεῖν

123 1359 251 1440 a'prctrl3
274 1359 398 1424 Titulus
422 1362 551 1426 omuino
574 1363 706 1427 exhibet
728 1365 896 1448 epistulam
912 1371 1114 1452 magistratus
1131 1376 1262 1444 alicuius
1361 1440 1367 1451 ‚

124 1465 197 1529 siue
220 1464 383 1548 praefecti,
407 1485 470 1550 qua
492 1465 696 1530 confirmatur
711 1468 989 1554 Amyronensibus
1012 1476 1144 1559 asylum.
1170 1479 1261 1554 Quae

124 1568 256 1653 quidem
280 1569 397 1653 scripta
422 1591 491 1633 csse
515 1569 641 1634 uidetur
663 1572 786 1636 Leakio
809 1573 913 1640 iudice
936 1579 1109 1643 secundum
1141 1583 1260 1648 littera-

13 1679 14 1682 ’
122 1694 195 1737 rum
207 1673 342 1738 formam
360 1695 396 1738 ea
409 1679 515 1739 aetate
532 1696 595 1758 qua
611 1676 746 1760 primum
762 1679 792 1741 in
807 1678 915 1744 Asiam
932 1694 1087 1750 uenerunt
1099 1687 1259 1756 Romani.4

121 1777 298 1840 Praeterea
322 1775 361 1839 de
384 1777 476 1860 asylo
501 1777 555 1841 illo
577 1779 655 1841 nihil
679 1778 740 1844 dici
763 1787 877 1866 potest.

229 1881 278 1944 12.
303 1878 544 1965 Aphrodisiadis
567 1881 654 1946 urbia
677 1884 800 1969 asylum
823 1886 872 1949 oui
904 1887 982 1953 deae
1005 1891 1045 1955 sit
1079 1894 1258 1964 dedicatum

121 1984 195 2068 ipso
229 1969 359 2046 nomine
388 1984 592 2069 exprimitur3
626 1986 710 2053 idem
734 1989 844 2052 titulo:
890 1990 941 2074 [cd
964 1993 1007 2077 δὲ]
1037 1995 1159 2078 τέμενος
1180 2007 1259 2083 θεᾶς

119 2083 311 2171 Ἀφροδίτης
327 2089 361 2150 ἐν
376 2085 461 2151 πόλει
478 2087 670 2170 Πλαρασέων
684 2093 733 2154 καὶ
745 2090 997 2179 Ἀφροδεισιέω[ν
1016 2097 1130 2168 ἄσυλον
1145 2105 1260 2188 dorset

122 2191 288 2275 probatur.
326 2191 437 2256 Tacito
461 2214 588 2278 quoque
611 2195 716 2259 teste6
739 2195 1004 2278 Aphrodisienses
1029 2204 1162 2274 Veneris
1186 2215 1257 2278 reli·

122 2297 252 2380 gionem
284 2295 455 2360 tuebantur
478 2297 605 2362 Tiberio
638 2299 814 2384 imperante
844 2299 1015 2372 ‘dictatoris
1040 2308 1184 2378 Caesaris
1216 2319 1257 2382 ob

122 2405 252 2462 uetusta
280 2399 312 2463 in
336 2406 441 2483 partes
466 2402 577 2465 merita
610 2402 772 2467 decretum
801 2405 987 2491 afferentes,
1023 2433 1062 2476 ex
1086 2436 1147 2500 quo
1171 2440 1255 2503 quae

119 2504 181 2567 sibi
204 2502 419 2568 uindicasscnt
441 2504 518 2580 iura,
550 2507 662 2571 merito
686 2509 744 2571 sibi
767 2510 945 2577 uindicasse
969 2515 1110 2602 intellegi
1133 2534 1253 2611 posset,

119 2629 193 2671 cum
227 2607 275 2671 ius
305 2607 385 2692 asyli
416 2608 535 2694 templo
559 2610 693 2676 Veneris
718 2613 928 2697 Aphrodisiae
959 2619 1139 2692 aansare
1171 2639 1254 2696 esset

117 2712 350 2776 confirmatum.

220 2815 300 2879 Sunt
323 2818 449 2880 omniuo
466 2815 592 2882 decreta
608 2819 649 2882 ad
667 2820 963 2905 Aphrodisiensium
985 2831 1096 2898 urbem
1121 2837 1249 2922 eiusque

118 2919 292 3003 religiones
315 2919 595 3006 immunitateeque
617 2926 808 3008 pertinentia
831 2927 930 2994 haec:

218 3023 235 3087 Ι
270 3023 596 3109 Senatusconsultum,
631 3049 713 3092 anno
748 3053 777 3095 a.
813 3031 886 3098 om.
910 3057 941 3102 n.
976 3041 1036 3118 38.‚
1072 3047 1107 3105 ut
1141 3042 1249 3111 Cassio

116 3126 249 3190 Dione⁷
273 3129 428 3210 probante
451 3139 536 3195 recte
560 3131 788 3198 demonstrauit
812 3137 1023 3222 Boeclrths,8
1046 3145 1249 3214 tribuendum

113 3237 152 3296 et
174 3231 342 3315 priuilegia
362 3253 381 3295 a
404 3232 439 3299 O.
464 3232 485 3296 J
489 3236 552 3298 ulio
578 3235 713 3302 Caesare
736 3247 767 3303 et
790 3241 829 3304 ab
846 3243 987 3309 Antonio
1011 3248 1248 3317 triumuirorum

112 3335 246 3399 nomine
271 3336 574 3420 Aphrodisiensibus
598 3340 673 3404 data
696 3345 912 3411 confirmaret

222 3547 232 3580 ¹
252 3544 280 3596 C.
299 3545 322 3596 I.
341 3545 373 3598 G.
392 3546 420 3597 II
438 3563 465 3598 n.
484 3545 552 3600 2899
570 3547 617 3599 lin.
637 3548 652 3600 2
671 3544 708 3602 ‘ed
728 3550 793 3622 ἱερόν
810 3551 917 3606 dovlor’.

221 3632 233 3668 ²
252 3632 268 3682 l.
289 3646 311 3682 0.
331 3631 379 3683 lin.
397 3631 421 3686 3.
438 3627 564 3698 ίβασιλέως
582 3632 690 3705 eduorum.

221 3717 267 3769 8].
287 3732 310 3769 e.
329 3718 377 3770 lin.
396 3719 421 3771 4.

218 3802 284 3855 ⁴cl'.
303 3803 432 3869 Boaokh.‚
452 3804 480 3858 O.
499 3805 521 3857 I.
542 3807 573 3858 G.
592 3806 621 3858 II
639 3807 675 3860 ad
694 3826 720 3861 u.
740 3809 816 3865 2899.

220 3888 570 3946 ⁶0.1.e.11n.2737b.
597 3895 642 3948 lin.
671 3895 703 3949 10
721 3913 770 3966 sq„
790 3899 835 3950 ubi
853 3900 953 3970 devios]
978 3907 1084 3974 scripsi,
1111 3912 1161 3962 etsi
1186 3913 1252 3985 ἱερόν

111 3973 229 4026 retinuit
247 3975 411 4040 becelmus,
431 3994 489 4029 cum
502 3973 541 4032 ‘ed
560 3989 661 4050 τέμενος
674 3985 735 4045 θεᾶς
744 3983 908 4056 Ἀφροδίτης’
922 3991 987 4043 satia
1001 3995 1135 4060 exprImat
1148 4002 1252 4052 sancti·

111 4061 199 4112 tatem
217 4061 280 4127 loci,
299 4079 368 4130 quae
388 4065 520 4130 primatur
538 4073 620 4136 atque
639 4071 749 4136 proprie
769 4081 883 4139 urgetur
908 4092 976 4142 opus
996 4095 1051 4130 nou
1071 4086 1118 4134 est.
1155 4086 1250 4140 Potius

112 4148 207 4200 ἄσυλον
226 4155 284 4200 crat
303 4151 525 4216 exspectandum.

218 4232 229 4268 ⁶
247 4250 309 4287 enn.
327 4236 370 4289 III
388 4235 429 4289 62.

218 4319 229 4356 ⁷
246 4317 366 4372 XLVIII
384 4321 426 4374 34.

219 4403 276 4457 ⁸0.
296 4405 318 4459 1.
338 4407 369 4460 G.
389 4409 418 4460 Il
437 4425 500 4476 pag.
519 4412 570 4466 495
588 4414 622 4466 ad
641 4415 682 4467 tit.
701 4432 726 4471 n.
747 4416 839 4473 273712.

218 4489 265 4545 ⁹1.
285 4509 308 4545 e.
327 4493 356 4546 11
375 4511 400 4547 u.
419 4493 510 4550 arath.
