3180 5178
768 443 975 504 ..2ss-

303 633 383 715 iura,
407 630 647 716 comprehendit
670 652 725 695 eos
748 630 875 695 Tacitus
900 631 1024 695 diceus:
1047 626 1187 695 ‘auditae
1209 632 1341 696 aliarum
1358 655 1438 719 quc·

305 759 366 822 quc
390 737 564 801 ciuitatium
587 735 788 819 legationes'3
825 740 857 799 et
883 735 1009 820 asylum
1040 737 1107 800 siue
1136 757 1248 801 uerum
1272 744 1340 802 erat
1371 738 1439 802 siue

303 848 492 926 usurpatum
515 862 534 905 a
555 840 709 904 Romanis
734 839 817 903 haud
843 838 937 902 dubie
970 839 1189 924 disquisitione
1212 847 1340 925 peracta
1363 861 1436 906 oon·

305 947 462 1009 firmatum
486 952 534 1010 est
556 943 732 1009 secuudum
755 943 858 1006 Taciti
881 944 1126 1009 narrationem.¹

404 1047 510 1133 Atque
535 1069 605 1112 cum
627 1048 713 1112 nulla
736 1048 797 1110 alia
820 1048 1000 1111 inueniatur
1024 1053 1056 1110 et
1079 1068 1173 1111 causa
1196 1055 1228 1112 et
1251 1049 1341 1131 ratio,
1373 1070 1436 1133 qua

304 1155 451 1217 commoti
475 1152 526 1217 uel
550 1154 652 1217 coacti
674 1151 855 1216 Trallenses
878 1152 942 1216 tale
967 1151 1130 1217 decretum
1155 1172 1346 1235 componere
1378 1174 1434 1237 po·

306 1259 432 1337 tuerint,
453 1257 513 1321 nisi
534 1257 652 1321 Tiberii
682 1256 761 1321 illud
786 1256 934 1340 edictum,
963 1277 1025 1342 quo
1048 1256 1201 1322 referrent
1230 1258 1374 1323 ciuitates
1398 1259 1437 1323 de

301 1361 475 1446 priuilegiis
509 1361 671 1445 asylorum
695 1360 734 1423 ad
768 1367 913 1424 senatum
936 1359 1128 1441 Romanum,
1162 1360 1251 1424 aliter
1273 1362 1342 1426 fieri
1372 1385 1434 1428 non

302 1471 409 1550 potest
445 1486 540 1550 quam
573 1473 608 1529 ut
635 1485 717 1528 auno
747 1463 813 1529 lere
837 1485 867 1549 p.
892 1463 964 1528 Ohr.
987 1487 1017 1532 n.
1046 1466 1096 1529 22.
1124 1464 1288 1530 decretum
1318 1465 1395 1530 illud
1420 1489 1439 1531 a

304 1569 519 1633 Trallensibus
551 1569 629 1654 asyli
661 1568 771 1633 tuendi
806 1589 900 1632 causa
934 1590 1002 1633 esse
1031 1569 1241 1654 compositum
1275 1570 1327 1634 uel
1349 1573 1438 1636 resti·

305 1680 410 1738 tutum
435 1673 639 1738 affirmemus.

792 1928 832 1993 ad
856 1950 886 1994 n.
911 1931 939 1993 6.

650 2083 831 2148 ASYLUM
854 2083 1094 2148 GALATIAE.

408 2268 535 2353 Ancyra
558 2266 644 2347 urbs,
667 2272 703 2329 ut
718 2266 866 2351 equidem
881 2273 967 2350 puto,
991 2266 1021 2328 in
1038 2286 1167 2330 nummo
1184 2265 1345 2331 Valeriani
1368 2289 1439 2350 asy-

303 2373 367 2436 lum
397 2372 572 2456 appellatur
594 2372 783 2436 honorilice:
815 2366 1226 2449 ‘ANKYPAO.AO.B.N’,
1249 2391 1439 2455 quamquam

304 2476 476 2540 Eckhelius
500 2477 548 2539 uir
573 2474 685 2540 doctus
700 2473 735 2538 τό
759 2470 846 2538 ‘Ad'
868 2473 1046 2556 significare
1062 2470 1347 2536 AOKAHHEIA
1370 2495 1436 2538 ma-

304 2580 362 2645 luit
373 2579 397 2660 ἔ
419 2602 490 2645 nam
513 2587 644 2666 propter
666 2579 749 2645 B.N.
773 2599 908 2664 sequeus
925 2574 1212 2640 AOKAHHEIA
1233 2578 1433 2663 interpretari

301 2705 397 2769 posse
421 2683 456 2748 τό
480 2682 556 2748 ‘Ac
578 2685 705 2748 minimo
728 2682 832 2765 cred0,
865 2681 937 2746 c'um
958 2681 1108 2745 ludorum
1131 2702 1287 2766 nusquam
1319 2683 1435 2746 mentio

301 2789 357 2852 fiat
387 2789 420 2852 in
454 2789 590 2852 nummis
614 2789 671 2867 ita,
707 2794 742 2851 ut
775 2787 925 2850 ludorum
954 2806 1068 2850 nomen
1102 2791 1206 2849 exstat
1235 2787 1318 2850 inter
1348 2788 1435 2852 urbis

304 2914 418 2958 nomen
440 2899 471 2955 et
493 2893 621 2956 titulum
646 2891 862 2955 honorarium.
1021 2891 1022 2896 ’

405 2996 511 3069 Quare
535 2998 687 3060 maiorem
721 2997 789 3057 ueri
812 2994 929 3058 habeat
959 2995 1096 3077 speciem
1118 2992 1280 3078 Ancyram
1312 2994 1433 3076 urbem,

305 3099 449 3164 Galatiae
472 3101 671 3185 metropolin,
702 3101 797 3163 etiam
820 3097 917 3162 fuisse
940 3098 1073 3182 asylum,
1103 3096 1189 3182 quod
1214 3098 1343 3182 quidem
1366 3119 1434 3161 curn

303 3204 486 3288 Aesculapii
521 3204 640 3287 templo
665 3203 844 3267 cohaesisse
873 3201 972 3266 ualde
997 3201 1167 3266 uerisimile
1196 3210 1262 3283 est3
1292 3202 1382 3266 ouius
1404 3202 1437 3265 in

303 3307 453 3373 honorem
467 3308 542 3371 urbs
555 3308 607 3371 illa
619 3306 892 3393 splendidissimos
902 3306 1085 3371 celebrabat
1097 3304 1189 3369 ludos
1200 3301 1404 3383 ‘’Acalq'nau’
1413 3305 1437 3387 33

303 3432 376 3474 nam
398 3411 580 3495 Aesculapii
603 3411 706 3474 cultus
729 3408 815 3493 apud
838 3409 1026 3495 Ancyranos
1051 3413 1118 3472 erat
1141 3408 1379 3493 antiquissimus
1403 3415 1437 3472 et

304 3514 554 3579 celeberrimus.4
576 3514 640 3579 Sed
664 3514 823 3578 interdum
846 3512 878 3576 id
900 3514 932 3576 in
955 3513 1051 3576 dubio
1077 3512 1300 3596 relinquamus.

405 3619 453 3682 De
488 3625 633 3702 ternpore
667 3617 748 3702 asyli
780 3639 821 3680 ne
855 3617 968 3681 eodem
1000 3615 1127 3699 quidem
1163 3615 1316 3680 habemus
1348 3616 1435 3701 quod

303 3723 510 3808 disputemus,
541 3723 602 3786 nisi
625 3723 751 3807 asylum
773 3720 852 3784 illud
876 3718 1075 3802 (coniectura
1098 3726 1208 3784 nostra
1230 3717 1349 3801 nisum)
1380 3721 1437 3785 flo-

302 3827 367 3892 ruit
390 3825 449 3890 sub
472 3827 699 3911 imperatorum
722 3825 942 3890 Romanarum
965 3823 1188 3905 dominatione,
1218 3825 1345 3908 proprie
1369 3825 1438 3908 qui·

303 3931 375 4006 dem
399 3929 571 3996 Valeriani.

578 4067 582 4074 ·
701 4034 741 4098 ad
764 4054 794 4098 n.
821 4035 849 4098 7.
895 4032 989 4098 ctn.
1016 4037 1041 4096 1.

408 4238 418 4271 1
438 4235 535 4301 Tacit,
554 4250 616 4287 ann.
635 4233 678 4284 111
697 4232 737 4286 63.

408 4321 561 4384 ²Eckhal.‚
579 4322 612 4373 D.
631 4321 663 4374 N.
682 4318 716 4372 V.
736 4319 779 4371 III
797 4335 823 4386 p.
844 4317 901 4371 178.

408 4407 418 4442 ³
438 4408 580 4469 Mionuet„
599 4409 695 4460 Dascr.
715 4406 749 4457 de
767 4403 838 4457 med.
856 4409 920 4458 tom.
939 4405 978 4456 IV
997 4419 1023 4472 p.
1041 4402 1100 4458 386.

408 4498 418 4536 ⁴
439 4494 474 4548 cl.
493 4494 608 4562 Krausq
628 4495 768 4548 Naoooroa
785 4508 848 4560 pag.
868 4489 909 4544 76.
