3180 5178
596 476 806 538 ,57-

138 663 241 731 s'etait
264 665 374 732 eccule
397 690 437 733 au
460 671 562 734 moins
584 691 646 733 une
668 669 854 753 generalior
877 676 910 733 ot
929 669 1168 754 probablement
1180 671 1264 763 plus,

139 778 226 836 entre
249 775 295 838 les
318 774 403 838 deux
425 771 642 853 ambassades’,
675 775 824 858 quoniam
852 774 973 858 priores
995 774 1102 859 legati,
1133 772 1266 858 Apollo·

28 945 30 952 ,
138 875 229 940 dotus
251 883 284 940 et
307 875 434 942 Colotes
464 878 504 941 ad
527 877 692 944 Cretenses
728 880 813 943 missi
842 885 914 942 sunt
937 900 1019 942 anno
1045 879 1125 957 193,
1155 878 1266 942 eodem

137 1001 228 1062 anno,
253 1002 314 1065 quo
337 981 506 1068 Menippus
535 983 575 1046 ad
599 983 767 1064 Romanos,
798 1004 859 1067 quo
882 983 1083 1066 Pythagoras
1109 989 1142 1046 et
1165 981 1265 1045 Olitus

137 1083 176 1148 ad
192 1084 332 1165 Aetolos,
355 1085 520 1170 Delphios,
536 1087 731 1151 Athamanes
752 1086 896 1151 adierunt
920 1092 955 1149 ut
970 1083 1098 1149 ἀσυλίαν
1116 1085 1266 1149 Teiorum

135 1188 350 1272 impetrarent.
397 1190 500 1265 Quare
523 1191 655 1275 Dionysi
678 1191 811 1277 asylum,
841 1212 901 1275 quo
923 1196 992 1254 tota
1022 1211 1131 1254 eorum
1155 1191 1266 1254 ciuitas

49 1309 52 1320 ·
135 1312 223 1355 sacra
245 1299 278 1356 et
300 1293 373 1358 urbs
396 1301 428 1358 et
444 1315 520 1378 ager
539 1295 767 1376 continebatur,
791 1295 910 1358 aTeiis
925 1295 1102 1358 institutum
1120 1301 1168 1358 est
1183 1316 1265 1358 anno

28 1429 29 1456 ;
135 1416 163 1461 a.
187 1395 260 1462 Ohr.
274 1419 315 1483 ,n
340 1400 422 1479 193,
446 1421 507 1484 quo
536 1401 631 1464 etiam
654 1406 764 1484 gentes
791 1406 824 1463 et
854 1400 998 1463 ciuitates
1020 1403 1150 1463 exterae
1172 1419 1267 1482 supra

28 1545 29 1552 κ
134 1508 400 1567 commemoratae
422 1502 493 1584 (sub
510 1502 549 1569 A.
567 1503 645 1585 ΙΙΙ.)
670 1509 890 1568 concesserunt
913 1503 992 1587 asyli
1015 1503 1073 1570 ius.
1119 1500 1181 1565 Sed
1198 1521 1266 1584 pro·

136 1604 268 1668 cedente
300 1612 440 1691 tempore
470 1608 666 1692 perturbatio
698 1609 801 1672 nescio
834 1629 914 1692 quae
940 1607 1025 1670 facta
1052 1614 1100 1671 est
1123 1625 1266 1670 necnon

28 1737 29 1740 ¹
137 1707 284 1772 Teiorum
307 1711 430 1795 asylum
453 1711 582 1796 eiusque
598 1712 667 1775 iura
690 1712 877 1796 impugnata
899 1732 966 1776 esse
989 1710 1145 1790 uidentur,
1170 1729 1267 1794 quare

133 1811 203 1876 Teii
226 1814 306 1898 asyli
331 1815 597 1880 confirmationem
622 1837 641 1879 a
667 1815 869 1881 Cretensibus
892 1817 994 1879 denuo
1014 1813 1174 1899 impetrati
1195 1819 1267 1878 sunt

28 1955 29 1978 ;
135 1916 209 1998 (sub
232 1916 270 1980 B.
294 1917 374 2001 IV).

234 2023 324 2098 Quae
353 2023 450 2088 fuerit
482 2025 634 2089 Teiorum
665 2026 745 2111 asyli
780 2027 920 2091 condicio
956 2027 1129 2110 posteriore
1160 2029 1266 2089 aetate

136 2126 239 2192 dicere
261 2147 324 2190 non
347 2149 530 2212 possumus3
554 2129 609 2194 sed
625 2130 719 2194 ualde
743 2132 857 2194 mirum
872 2131 1007 2211 uidetur,
1031 2131 1070 2194 de
1087 2130 1173 2214 asylo
1189 2129 1266 2193 Teio

28 2217 29 2224 ἵ
131 2249 233 2313 neque
258 2252 390 2315 usquam
414 2235 608 2297 mentionem
632 2255 698 2299 esse
721 2233 836 2298 factam
859 2234 943 2318 apud
967 2256 1074 2298 rerum
1098 2234 1266 2315 scriptores

133 2353 235 2417 neque
258 2335 377 2400 Tiberii
407 2338 603 2420 temporibus
629 2338 801 2422 quidquam
831 2344 985 2403 statutum
1016 2359 1083 2402 esse
1110 2359 1129 2401 a
1155 2342 1266 2400 senatu

133 2435 290 2519 Romano,
313 2443 372 2504 etsi
394 2441 516 2505 nullum
541 2442 627 2505 aliud
647 2443 771 2526 asylum
793 2444 852 2508 nisi
876 2448 1002 2526 poterat
1025 2447 1091 2505 tam
1119 2442 1211 2504 certis
1235 2445 1266 2504 et

132 2541 229 2606 firmis
252 2547 447 2626 argumentis
470 2552 502 2610 et
525 2547 712 2612 testimoniis
734 2548 793 2612 nisi
817 2547 975 2614 Teiorum.
1022 2545 1113 2620 Quod
1137 2551 1211 2609 tunc
1233 2543 1265 2606 in

131 2646 292 2710 obliuione
324 2648 432 2712 iecisse
459 2649 603 2732 uidetur3
633 2672 705 2713 nam
734 2673 806 2714 cum
828 2652 881 2716 uel
905 2651 1124 2715 obscuriorum
1145 2649 1265 2712 faceret

132 2750 324 2814 mentionem
361 2753 522 2838 asylorum
556 2753 699 2835 Tacitus,
740 2762 825 2819 certe
859 2756 888 2818 ei
922 2754 1089 2818 dicendum
1126 2757 1194 2817 erat
1226 2752 1266 2816 de

134 2853 281 2918 Teiorum
310 2858 400 2942 asylo
423 2858 633 2922 celeberrimo.
660 2858 700 2923 ab
723 2860 799 2943 ipsis
821 2858 972 2922 Romanis
1001 2863 1095 2922 antea
1123 2877 1265 2939 compro·

132 2959 214 3040 bato,
238 2961 265 3024 si
287 2961 413 3023 omnino
436 2961 608 3026 exstitisset
630 2962 750 3026 Tiberii
773 2969 887 3027 aetate.

234 3062 324 3150 Asyli
338 3070 445 3128 autem
456 3065 603 3129 Teiorum
627 3068 718 3130 ruina
733 3068 850 3150 raptim
862 3088 1029 3150 progressa
1044 3087 1112 3131 esse
1129 3065 1264 3144 uidetur,

134 3189 175 3232 ex
199 3189 259 3252 qno
282 3177 427 3252 tempore
450 3169 549 3234 Teum
573 3170 685 3235 urbem
716 3173 869 3236 excedere
890 3178 980 3237 erant
1010 3171 1109 3235 coacti
1130 3169 1265 3234 artifices

133 3270 324 3358 Dionysiaci,
348 3293 404 3355 per
427 3295 503 3357 quos
525 3282 620 3340 antea
651 3275 691 3338 ad
715 3297 871 3340 summam
893 3276 1092 3340 sanctitatem
1121 3281 1153 3338 et
1176 3272 1266 3337 clari·

134 3382 235 3439 tatem
257 3377 394 3441 adducta
418 3384 464 3442 est
486 3379 633 3444 Teiorum
657 3381 732 3444 urbs
754 3382 883 3465 eiusque
906 3380 1029 3464 asylum
1051 3379 1194 3462 Dionysi.

218 3478 417 3545 Accedamus
439 3504 522 3546 nunc
544 3483 584 3546 ad
607 3484 740 3548 alteram
764 3484 982 3568 quaestionem
1009 3483 1071 3546 huc
1097 3501 1195 3566 usque
1218 3501 1266 3544 re-

133 3590 302 3665 seruatam,
333 3606 394 3669 qua
426 3585 465 3650 de
492 3608 596 3672 causa,
625 3594 661 3652 ut
683 3587 834 3652 Teiorum
856 3587 931 3652 urbs
954 3585 1077 3663 α’συλίας
1108 3584 1268 3670 priuilegii

130 3688 222 3752 fieret
253 3689 420 3772 particeps,
453 3697 501 3755 tot
532 3692 666 3756 decretis
695 3714 774 3777 opus
800 3692 896 3757 fuerit
927 3692 1094 3763 ciuitatum
1124 3711 1266 3774 compro·

130 3792 286 3857 bantium.
331 3793 402 3858 Hoc
425 3794 516 3859 aliter
538 3797 691 3879 explicari
721 3818 786 3862 non
808 3803 914 3881 potest
937 3797 997 3860 nisi
1021 3817 1060 3859 ex
1085 3794 1178 3860 rebus
1210 3815 1265 3877 pu·

132 3895 222 3959 blicis
245 3917 375 3981 prorsus
408 3883 513 3963 aetate
542 3900 598 3963 illa
629 3921 691 3985 qua
713 3921 878 3965 uersamur
900 3900 933 3964 in
956 3899 1121 3964 tractanda
1150 3899 1266 3962 haere

132 4003 271 4066 mutatis.
316 4001 401 4066 Nam
431 4024 503 4067 cum
535 4010 630 4069 antea
660 4012 696 4070 ut
724 4005 852 4070 uidetur
880 4005 995 4068 summi
1017 4003 1266 4086 sanctissimique

132 4106 297 4169 ciuitatum
326 4105 520 4172 Graecarum
553 4110 677 4174 concilii
704 4108 974 4194 Amphictyonum
1009 4109 1077 4172 sola
1108 4107 1267 4171 suffecerit

130 4209 284 4293 probatio,
318 4217 353 4274 ut
384 4212 509 4296 asylum
539 4215 643 4278 nescio
675 4235 735 4298 quo
764 4214 831 4278 loco
863 4219 1014 4278 statutum
1046 4211 1086 4276 ab
1122 4211 1267 4276 omnibus

133 4313 263 4378 Graecis
301 4323 532 4399 agnosceretur,
570 4317 643 4382 inde
681 4318 748 4383 lere
786 4318 827 4382 ab
857 4317 1034 4382 Alexandri
1071 4315 1267 4400 temporibus

34 4443 35 4452 ¹
132 4416 403 4504 Amphictyonum
440 4421 612 4485 auctoritas
649 4428 684 4486 et·
716 4423 766 4486 uis
797 4442 862 4486 non
895 4421 1096 4486 mediocriter
1130 4419 1267 4484 concidit

34 4505 35 4550 l
132 4543 235 4608 neque
259 4523 436 4590 sufficiebat
468 4525 533 4593 sola
556 4525 596 4591 ad
618 4532 703 4592 recte
730 4526 958 4592 instituendum
981 4523 1111 4610 aliquod
1133 4525 1268 4610 asylum,
