3180 5178
760 451 973 512 ...40-

297 641 414 726 ubiqne
438 645 527 712 sunt:
552 640 697 704 Marnam
720 661 797 704 uero
821 638 929 702 dieunt
947 658 1015 703 asse
1032 638 1170 705 Jouem.¹
1195 639 1289 714 Quod
1305 640 1434 726 quidem

297 747 453 832 templum
486 767 506 810 a
538 745 671 810 Gazaeis
704 743 944 809 celeberrimum
975 744 1115 808 omnium
1150 745 1323 811 iudicatum
1354 746 1435 830 asyli

296 853 364 917 iure
377 856 521 915 ornatum
546 849 641 914 fuisse
657 849 713 912 uix
729 854 825 932 neget
840 849 1014 932 quisquam.
1040 847 1103 912 Sed
1115 849 1156 912 ad
1168 870 1262 934 quem
1274 856 1435 914 auctorem

296 954 500 1039 priuilegium
531 951 610 1016 illud
640 951 720 1036 asyli
751 951 827 1015 iuris
850 949 1053 1014 referendum
1084 951 1140 1031 sit,
1176 951 1217 1016 ad
1239 951 1432 1037 Pompeium

297 1058 466 1141 Magnum,
505 1057 559 1140 qui
597 1053 825 1138 Hierosolymis
860 1075 944 1117 anno
978 1075 1007 1118 a.
1043 1052 1117 1118 Chr.
1157 1057 1207 1120 63.
1242 1058 1433 1140 expugnatis

298 1163 418 1227 Gazam
449 1161 589 1244 aliasque
612 1160 706 1225 urbes
729 1159 908 1241 ἐλευθερίας
930 1158 1097 1243 priuilegio
1120 1160 1251 1245 aliisque
1277 1161 1435 1226 benefieiis

296 1266 431 1347 ornauit,
454 1286 496 1328 an
512 1264 551 1327 ad
568 1263 750 1342 Gabinium,
768 1284 809 1326 an
825 1263 866 1327 ad
882 1263 979 1326 alium
1002 1264 1071 1348 quis
1085 1271 1133 1327 est
1149 1266 1202 1348 qui
1221 1265 1435 1331 demonstret?

296 1368 381 1434 Nam
403 1389 460 1454 per
483 1368 681 1453 Pompeium,
706 1386 724 1429 a
747 1387 810 1452 quo
833 1373 955 1431 eonstat
972 1365 1170 1431 Gazaeorum
1194 1389 1301 1433 aeram
1317 1370 1434 1435 dueen-

296 1474 370 1538 dam
404 1493 471 1537 esse
500 1471 531 1536 h.
560 1492 587 1536 e.
621 1471 661 1535 ab
693 1477 844 1535 autumno
876 1472 941 1548 (28.
973 1470 1057 1546 Oet.)
1090 1473 1165 1536 anni
1192 1494 1220 1537 a.
1251 1471 1325 1538 Ohr.
1355 1474 1433 1556 62.,2

297 1577 393 1642 etiam
415 1577 526 1661 templi
551 1575 680 1640 Marnae
703 1571 834 1651 ἀσυλίας
857 1575 1045 1640 beneficium
1068 1578 1191 1660 assequi
1214 1578 1318 1662 potuit
1342 1578 1432 1642 Gaza

297 1681 381 1746 urbs.
428 1681 490 1744 Sed
514 1681 627 1745 eodem
654 1681 722 1744 inre
751 1679 791 1744 de
819 1678 956 1744 Gabinio
987 1681 1119 1763 eogitari
1142 1688 1245 1766 potest
1268 1688 1432 1766 tamquam

296 1791 425 1849 auctore
448 1785 527 1869 asyli
550 1783 758 1865 uazaeorum,
792 1785 978 1868 praesertim
1012 1805 1083 1848 oum
1106 1786 1210 1850 denuo
1233 1785 1344 1858 κτίζειν
1371 1786 1433 1850 ius-

298 1891 389 1954 sisset
410 1888 505 1953 urbes
528 1888 658 1967 deletas,
681 1889 864 1972 intorques
887 1888 957 1973 ipsa
979 1889 1102 1952 exstitit
1125 1889 1222 1971 Gaza,
1247 1911 1325 1975 quas
1347 1890 1433 1954 haud

299 1994 394 2058 dubie
417 1993 591 2078 priuilegiis
615 1994 739 2056 ornauit
760 1999 792 2057 et
814 1994 913 2056 auxit.

401 2124 506 2198 Quare
537 2125 570 2186 in
599 2123 781 2187 uniuersum
805 2123 845 2186 ad
869 2122 1115 2188 dominationem
1137 2123 1352 2189 Romanorum
1376 2124 1433 2211 Sy-

295 2229 362 2291 riae
396 2228 534 2312 primum
570 2227 746 2290 institutam
781 2226 956 2292 referamus
992 2227 1197 2311 priuilegium
1234 2229 1310 2292 iuris
1350 2229 1431 2313 asyli

295 2330 439 2394 Marneio
464 2332 585 2415 templo
611 2329 810 2395 Gazaeorum
833 2331 961 2396 tributo.
986 2330 1131 2396 Seruauit
1146 2339 1252 2396 antem
1275 2332 1429 2415 templum

296 2432 427 2498 ἀσυλίαν
448 2441 534 2519 certe
556 2456 656 2518 usque
679 2434 720 2498 ad
743 2435 883 2499 medium
906 2456 935 2519 p.
961 2434 1034 2500 ehi.
1057 2459 1087 2500 11.
1110 2438 1272 2502 saeculnm
1287 2437 1427 2501 tertium.

786 2800 827 2864 ad
840 2806 880 2866 n.
906 2802 956 2864 14.

331 2954 332 2957 ’
448 2954 633 3020 ASYLUM
656 2954 1018 3038 TRAOHONITIDIS,
1042 2955 1288 3057 ITURAEAE.

398 3138 597 3204 Accedamus
620 3139 660 3202 ad
676 3137 867 3203 Caesaream
889 3139 1002 3204 urbem
1018 3138 1204 3221 Paniadem,
1229 3161 1309 3224 quae
1325 3141 1434 3206 multis

295 3245 497 3330 praedicatur
515 3244 652 3306 nummis
665 3238 742 3327 ‘lapol
758 3244 806 3305 καί
821 3239 949 3318 ἄσυλος’.
979 3242 1123 3306 Primum
1141 3245 1277 3308 oeeurrit
1294 3245 1436 3328 elogium

295 3348 375 3414 illud
396 3349 429 3412 in
452 3347 589 3411 nummis
612 3347 735 3411 duobus
758 3345 942 3429 Caligulae,
977 3368 1110 3431 quorum
1141 3348 1222 3411 alter
1253 3347 1350 3412 habet
1371 3348 1433 3412 lee-

294 3453 428 3518 tionem:
453 3446 780 3516 ’ΚΑΙΣΑΡΕΙΑΣ
808 3447 1015 3515 ΑΣΥΛΟΥ.
1041 3447 1269 3518 ΑΓΡΙΠΠΑ.
1293 3448 1433 3514 ΒΑΣΙ-

296 3553 437 3635 ΛΕΥ.’,3
472 3557 552 3620 alter
585 3554 667 3618 hano
697 3553 831 3639 praebet
861 3554 1075 3638 epigraphen:
1119 3550 1329 3629 ΪΚΑΙΣΑΡ.
1352 3554 1435 3616 ΣΕ-

295 3657 517 3723 ΒΑΣΤΑΣ.
542 3655 624 3722 rw
641 3704 752 3723 .....
755 3707 764 3739 ,
790 3679 886 3744 quam
909 3657 1081 3722 Eekhelius
1103 3659 1152 3721 uir
1170 3657 1280 3722 doetus
1295 3680 1350 3722 suo
1365 3659 1434 3724 iure

294 3765 339 3829 sie
369 3765 595 3848 interpretatus
629 3768 690 3826 est:
724 3759 986 3838 ‘KAIZAPaag
1019 3759 1268 3844 ΣΕΒΑΣΤης
1290 3758 1436 3826 ΑΣυλου

296 3864 440 3948 ΙΕρας.’5
484 3866 635 3950 Signatus
659 3872 706 3930 est
729 3887 877 3931 nummus
900 3887 982 3931 anno
1006 3866 1036 3928 Γ
1036 3915 1044 3948 ,
1072 3885 1154 3948 quae
1182 3866 1290 3930 littera
1313 3886 1433 3929 annum

300 4000 504 4008 ——.---.-..-.-.

400 4077 410 4113 1
430 4075 514 4127 Mare.
534 4073 603 4127 diae.
618 4076 646 4126 in
662 4073 720 4127 uita
733 4073 759 4126 S.
773 4073 910 4140 Porphyr.
929 4075 955 4125 in
969 4073 1030 4126 Aet.
1050 4073 1225 4148 Sanot.‚Boll.
1245 4073 1275 4126 Τ.
1289 4071 1314 4126 V
1326 4091 1351 4141 p.
1367 4071 1436 4140 6653

297 4162 421 4224 Eelrhal„
442 4162 460 4214 l.
480 4177 503 4213 a.
523 4160 611 4228 IIIp.
629 4158 688 4214 450.

401 4246 530 4310 'Starlm
549 4246 624 4299 Gaza
641 4261 707 4314 pag.
726 4244 784 4299 ort.

399 4333 549 4396 ³Eolrhal.‚
567 4334 585 4385 l.
605 4348 629 4384 o.
647 4332 691 4384 III
709 4348 736 4400 p.
755 4330 814 4384 491.

397 4419 443 4474 *l
462 4437 483 4470 o.
502 4436 530 4487 p.
549 4420 599 4477 471
618 4417 726 4472 41492.

398 4507 408 4543 ⁵
427 4506 579 4560 rationibus
597 4506 625 4560 in
644 4504 677 4558 D.
696 4506 733 4560 N.
750 4504 784 4560 V.
803 4504 848 4557 III
866 4521 892 4575 p.
911 4504 959 4558 491
981 4505 1078 4560 61492
1097 4505 1198 4559 allatis.
