3180 5178
759 479 966 538 -.70..

295 697 354 759 que
375 682 517 757 tempore
536 675 682 754 peterent
708 689 726 729 a
750 666 881 730 Graecis
904 670 939 726 ut
967 661 1119 741 ιτεμένους
1141 672 1196 740 τᾶς
1212 658 1351 735 ’Ἀθηνᾶς
1375 665 1431 735 τᾶς

295 775 481 863 Nraapdpov’
504 776 725 840 confirmarent
749 778 845 854 atque
869 769 1115 850 comprobarent
1139 770 1217 854 asyli
1240 770 1297 834 ius.

397 883 508 965 Itaque
522 879 632 944 titulus
645 878 685 939 de
697 897 758 959 quo
773 875 898 956 agimus
917 873 1047 936 exhibet
1063 873 1223 938 decretum
1240 875 1428 942 Aetolorum

294 986 428 1071 Delphis
444 1005 545 1067 nuper
561 987 729 1066 repertum,
754 1000 816 1062 quo
837 975 1016 1058 ’καθάπερὸ
1036 975 1175 1057 βασιλεύς
1192 976 1331 1062 Εὐμένης
1354 979 1429 1046 ἄνα-

295 1088 408 1173 [καλὸῖ]
436 1087 472 1152 vd
495 1085 634 1169 adularer
656 1091 713 1160 τᾶς
731 1081 889 1164 Ἀθα]νᾶς
913 1088 969 1158 τᾶς
989 1079 1173 1165 Νικαφόρου
1195 1081 1231 1145 vo*
1255 1087 1321 1147 aori
1346 1087 1430 1170 Περ-

293 1191 390 1274 γάμωι
413 1189 520 1274 doulo[
539 1189 564 1272 ],
576 1183 578 1190 ¹
589 1187 696 1262 καθώς
712 1214 748 1250 κα
763 1185 867 1274 ὁρίξῃ.
883 1235 889 1250 .
906 1237 913 1251 .
927 1237 934 1250 .
949 1183 1089 1268 [ἄσυλον]
1114 1183 1205 1263 εἶμεν’
1229 1188 1332 1252 Aetoli
1357 1211 1432 1256 eon.

294 1302 458 1361 cesserunt
480 1292 759 1378 comprobantibus
784 1292 926 1354 omnibus
951 1297 982 1353 et
1006 1288 1131 1353 Aetolis
1155 1295 1186 1353 et
1200 1291 1360 1358 Aetoliam
1385 1300 1431 1363 in·

293 1399 493 1464 colentibus.1
531 1397 658 1480 ‚Itaque
693 1395 924 1458 confirmabant
961 1393 1068 1456 Aetoli
1101 1392 1329 1478 Nicephorium
1360 1424 1431 1468 esse

293 1504 415 1586 asylum
441 1501 681 1587 quibuscunque
698 1505 895 1562 coerceretur
909 1497 1025 1560 finibus
1044 1518 1119 1560 mox
1136 1499 1175 1562 ab
1193 1497 1337 1565 Eumene
1354 1527 1431 1590 rege

292 1605 480 1671 statuendis.
1327 1680 1328 1683 Ἴ

384 1704 1430 1794 Sequunturporropropriaecondicionesasyloutendirationem

294 1816 387 1880 certis
410 1814 487 1876 locis
511 1811 806 1876 circumscribentes
834 1817 869 1872 ut
900 1809 931 1871 in
955 1809 1025 1872 aliis
1049 1830 1174 1893 quoqne
1197 1813 1340 1878 eiusdem
1362 1816 1428 1882 fere

293 1920 443 2002 temporis
467 1918 603 1983 decretis
628 1916 669 1980 ad
691 1916 842 1980 Teiorum
866 1911 994 1976 ἀσυλίαν
1011 1917 1227 1997 spectantibus
1247 1927 1432 1986 constanter

293 2024 338 2104 fit,
362 2031 530 2108 postquam
553 2023 584 2085 in
609 2022 794 2085 uniuersum
814 2019 1035 2083 confirmatum
1049 2028 1098 2083 est
1114 2019 1192 2101 asyli
1214 2020 1276 2084 loci
1300 2024 1430 2090 alicuius

292 2129 351 2194 iue.
397 2127 511 2211 Itaque
536 2131 663 2192 exstant
686 2126 779 2188 etiam
802 2125 831 2186 in
869 2128 977 2187 nostro
1014 2124 1108 2185 titulo
1141 2124 1226 2207 leges
1255 2125 1431 2209 singulares

292 2232 368 2294 hae:
407 2235 431 2295 Ι.
448 2225 579 2312 ίμηθένα
597 2225 711 2313 [ἅ]γειν
726 2226 805 2308 μηδὲ
822 2225 982 2310 (iudicitur
998 2224 1067 2289 arrd
1090 2222 1192 2307 s']urdg
1215 2233 1278 2292 ruia
1294 2227 1431 2315 ripuar.'‘2

294 2336 337 2398 ΙΙ.
369 2333 402 2396 ἐἰ
433 2332 466 2398 δέ
497 2336 541 2408 τίς
575 2359 612 2395 κα
640 2329 700 2420 clyp
727 2329 747 2415 ἢ
778 2331 904 2418 ῥυσιάξῃ
930 2327 949 2409 ἢ
990 2326 1186 2411 ἅποβιάξαιτο
1219 2327 1240 2410 ἢ
1268 2333 1432 2424 ὃιεγγυάσῃ

291 2435 430 2500 ὑπόδικον
453 2435 537 2516 εἶμεν
565 2439 595 2500 s'r
619 2435 696 2518 rode
719 2433 894 2519 avre'dp]org
920 2440 963 2520 τῷ
984 2431 1164 2515 α’ὃικηθὲντι
1187 2437 1236 2497 καὶ
1260 2433 1351 2500 dilen
1375 2446 1431 2502 ruit

293 2539 416 2604 θέλοντι
439 2538 472 2605 ἐν
494 2549 560 2618 ταῖς
583 2539 615 2606 ἑκ
639 2537 829 2615 ποτιστάσιος
852 2537 976 2614 δίκαις]3
1022 2537 1130 2612 Quare
1155 2540 1239 2603 ultra
1260 2541 1322 2605 loci
1344 2542 1429 2607 illius

293 2645 373 2707 sacri
390 2651 421 2708 et
436 2645 626 2708 inuiolabilis
645 2644 807 2708 Mineruae
825 2641 997 2725 Nicephori
1014 2641 1132 2705 limites
1149 2663 1254 2727 nequo
1271 2644 1431 2710 deducere

294 2748 421 2813 omnino
445 2769 548 2832 neque
563 2747 718 2811 trahendo
738 2767 850 2830 rapere
864 2764 1054 2830 quemquam
1078 2747 1255 2829 supplicem
1279 2748 1323 2812 ibi
1348 2770 1431 2812 com·

294 2859 468 2916 morantem
491 2852 540 2916 fas
569 2858 653 2934 erat3
677 2851 732 2915 sed
760 2853 786 2914 ei
810 2852 880 2935 quis
903 2850 1079 2935 supplicem
1105 2850 1263 2935 quendam
1290 2873 1330 2916 ex
1357 2855 1428 2916 loco

294 2956 348 3017 illo
377 2955 445 3018 siue
477 2954 646 3017 deduxerit
677 2955 743 3017 siue
776 2954 808 3016 ui
838 2951 1012 3016 detraxerit
1042 2953 1111 3016 siue
1137 2953 1202 3015 uim
1224 2953 1253 3015 ei
1285 2955 1430 3019 intulerit

293 3059 360 3121 siue
385 3057 623 3122 satisdationem
647 3058 687 3121 ab
704 3078 741 3120 eo
759 3057 911 3140 exegerit,
936 3057 975 3120 ab
993 3077 1030 3119 eo
1050 3076 1143 3141 quem
1160 3057 1263 3119 inuria
1279 3057 1431 3122 affecerat

292 3161 332 3225 ad
355 3158 532 3246 ‘ouvidpovr'
557 3162 609 3246 qui
634 3160 821 3225 damnarent
842 3161 873 3223 in
905 3161 953 3223 ius
978 3161 1086 3223 uocari
1110 3161 1161 3222 uel
1186 3183 1205 3224 a
1230 3162 1342 3245 quouis
1366 3162 1429 3250 alio

292 3265 332 3328 ad
355 3264 475 3329 iudices
499 3265 615 3329 deferri
638 3272 764 3348 poterat
787 3265 911 3328 actione
943 3264 1109 3348 patrocinii
1141 3265 1251 3327 uiolati
1274 3265 1430 3330 instituta.

293 3370 384 3434 Haec
407 3369 533 3454 quidem
558 3370 679 3434 Aetolis
701 3369 821 3452 placuit
843 3369 883 3431 de
899 3365 1084 3451 Nicephorii
1106 3367 1192 3451 quod
1216 3366 1326 3432 dicunt
1349 3369 1429 3452 asyli

292 3473 360 3537 iure
384 3473 610 3555 confirmando,
635 3473 721 3558 quod
743 3473 826 3537 idem
851 3471 1015 3536 decretum
1037 3470 1068 3532 in
1091 3471 1199 3554 legum
1224 3492 1353 3535 suarum
1378 3494 1430 3535 co·

293 3577 395 3640 dicem
419 3578 516 3662 recipi
539 3579 709 3641 uoluerunt
730 3578 817 3661 ipsi.4

398 3679 622 3767 Nicephorium
647 3690 752 3745 autem
775 3679 853 3744 illud
877 3682 938 3743 iam
951 3679 1062 3742 Attalo
1079 3678 1106 3742 Ι.
1123 3684 1276 3762 regnante
1300 3685 1430 3744 exstans

297 3783 470 3846 secundum
500 3782 692 3868 Polybium⁵
719 3785 803 3847 bello
826 3805 845 3848 a
864 3781 1076 3846 Macedonum
1091 3803 1166 3866 rege
1183 3782 1331 3866 Philippo
1358 3803 1429 3845 cum

294 3887 404 3950 Attalo
420 3887 446 3951 I.
461 3895 495 3952 et
517 3887 651 3952 Rhodiis
675 3895 765 3971 gesto
791 3907 873 3950 anno
890 3908 918 3950 a.
936 3885 1009 3950 Ohr.
1027 3888 1097 3950 200.
1124 3908 1142 3948 a
1161 3886 1310 3970 Philippo
1335 3885 1426 3949 arbo·

293 3990 380 4054 ribus
403 3990 443 4055 ad
468 4013 563 4055 unam
588 3992 733 4069 omnibus
762 3993 862 4054 caesis
889 4010 1024 4054 unacum
1049 3990 1174 4074 templis
1205 3996 1427 4073 peruastatum

399 4167 408 4200 1
428 4166 462 4217 cf.
483 4165 604 4217 Bullatin
623 4168 656 4215 de
674 4181 792 4231 corresp.
813 4162 912 4216 hellen.
932 4164 950 4214 l.
971 4179 993 4215 c.
1012 4163 1060 4216 liu.
1081 4161 1192 4215 17-19.

400 4251 447 4302 21.
468 4268 489 4302 c.
509 4250 556 4302 lin.
577 4248 685 4304 19-20.

400 4337 445 4388 ³1.
466 4351 489 4388 c.
507 4337 556 4388 lin.
575 4334 686 4388 20-21.

396 4424 445 4475 ⁴1.
465 4438 488 4474 c.
508 4422 554 4474 lin.
573 4421 614 4475 27.

397 4511 406 4545 ⁵
427 4510 523 4578 Polyb.
544 4507 610 4563 XVI
630 4511 653 4575 1,
673 4509 696 4562 6.
