3180 5178
603 483 643 496 ..
688 423 816 513 ²13--

138 645 341 710 loonotrta'cv
365 652 396 708 et
419 639 558 705 omnium
582 661 685 705 rerum
703 640 879 704 diuinarum
897 640 1170 725 humanarumque
1190 663 1274 707 com-

136 739 344 815 munioneml
369 748 469 812 Pariis
493 753 718 810 concesserunt
749 751 781 809 et
810 744 961 829 imprimis
984 740 1133 808 ἀσυλίανῖ
1162 749 1274 834 templi

136 875 250 920 eorum
274 853 410 918 Cereris.

239 956 340 1042 Asyla
373 961 483 1020 nostra
516 959 638 1018 statuta
671 959 766 1037 atque
805 953 992 1016 confirmata
1022 975 1092 1018 esse
1123 955 1274 1022 uidentur

137 1064 222 1129 circa
243 1061 381 1126 medium
400 1061 562 1124 saeculum
587 1081 614 1122 a.
639 1057 712 1124 Chr.
736 1080 766 1123 n.
783 1059 966 1140 secundum,
990 1060 1074 1145 quod
1091 1061 1217 1145 quidem
1233 1082 1274 1125 ex

139 1167 305 1232 titulorum
329 1172 518 1248 argumento
549 1163 713 1248 formaque
744 1184 853 1227 eorum
884 1164 1043 1230 exteriore
1072 1171 1178 1250 potest
1201 1185 1274 1230 oon·

140 1271 235 1336 oludi.

241 1377 292 1439 58.
317 1374 501 1459 Imperanto
529 1371 657 1436 Tiberio
689 1393 773 1435 anno
803 1394 835 1457 p.
869 1371 944 1438 Chr.
976 1393 1007 1436 n.
1032 1374 1082 1438 22.
1115 1381 1273 1439 uenerunt

138 1479 236 1543 etiam
268 1478 366 1560 legati
398 1475 595 1542 Cretensium
629 1477 775 1560 Romam,
811 1476 864 1560 qui
893 1477 1053 1560 petierunt
1086 1498 1127 1541 ex
1160 1487 1273 1542 senatu

136 1583 285 1647 Romano
310 1582 391 1665 asyli
415 1583 462 1645 ius
486 1577 661 1644 ‘simulacro
687 1578 751 1644 diui
774 1577 928 1662 Augusti,
962 1580 1044 1664 quod
1068 1581 1152 1644 haud
1177 1582 1272 1646 dubie

137 1693 331 1770 acceperunt
361 1684 536 1748 secundum
568 1706 614 1762 ea,
646 1703 728 1768 quae
759 1682 889 1747 Tacitus
921 1684 1031 1748 addit3
1064 1685 1111 1748 his
1148 1687 1270 1752 uerbis:

137 1787 232 1854 ‘facta
254 1796 384 1853 senatus
410 1788 563 1868 consulta,
586 1789 655 1872 quis
680 1788 779 1851 multo
805 1808 873 1850 cum
897 1786 1018 1852 honore
1033 1789 1146 1852 modus
1166 1799 1272 1854 tamen

138 1893 427 1978 praemittebatur,
458 1893 598 1976 iussique
624 1894 698 1975 ipsis
720 1892 751 1955 in
777 1892 904 1976 templis
927 1893 1025 1976 figere
1048 1914 1123 1956 aera
1147 1915 1272 1958 sacran-

138 1998 213 2060 dam
230 1997 268 2060 ad
287 1997 480 2076 memoriam,
497 2017 558 2060 neu
574 1996 680 2079 specie
696 1996 857 2078 religionis
873 1997 903 2058 in
921 1997 1128 2060 ambitionem
1144 1997 1273 2062 delabe-

137 2099 267 2182 rentur,'
292 2101 375 2165 uude
397 2101 489 2186 asyli,
503 2102 550 2164 ius
574 2107 606 2162 et
628 2100 697 2164 aliis
723 2101 906 2164 ciuitatibus
930 2108 961 2164 et
979 2100 1182 2166 Cretensibus
1200 2123 1272 2167 cou-

138 2207 300 2270 firmatum
315 2213 346 2269 et
358 2205 512 2268 sancitum
525 2226 594 2269 esso
606 2205 775 2289 colligitur.
793 2204 942 2269 Testatur
958 2204 1019 2268 hoc
1034 2227 1053 2268 a
1066 2204 1272 2272 Cretensibus

137 2310 275 2398 petitum
299 2329 418 2377 morem
442 2309 526 2374 baud
549 2310 745 2388 inusitatum,
778 2330 839 2394 quo
871 2310 1012 2392 ipsorum
1044 2311 1273 2395 imperatorum

135 2422 264 2480 statuae
298 2421 329 2482 et
360 2415 528 2478 simulacra
563 2414 661 2478 uelut
684 2411 782 2476 ἄσυλα
813 2415 1036 2479 statuebantur
1067 2422 1097 2478 et
1127 2415 1273 2500 perfugia

135 2518 338 2583 habebantur·
362 2520 506 2584 omnibus
531 2540 567 2584 eo
583 2517 839 2602 confugientibus
864 2525 895 2582 et
914 2520 1115 2582 simulacrum
1133 2523 1271 2603 amplec-

136 2623 290 2704 tentibus,
322 2624 374 2708 qui
402 2623 530 2704 quidem
561 2645 628 2688 mos
659 2643 735 2687 mox
768 2624 798 2685 in
831 2624 921 2707 peius
954 2624 1144 2701 mutabatur,
1174 2645 1272 2708 quare

135 2728 203 2789 iam
227 2748 310 2791 auno
334 2749 364 2812 p.
389 2725 462 2792 Chr.
487 2749 517 2791 n.
542 2729 592 2791 21.
618 2726 651 2791 C.
677 2725 800 2790 Cestius
829 2733 955 2790 senator
980 2747 1173 2811 magnopere
1196 2750 1272 2814 que·

134 2837 206 2894 stus
230 2836 286 2912 est,
311 2830 398 2914 quod
426 2825 612 2895 ‘incessisset
642 2830 810 2894 deterrimo
843 2831 956 2915 cuique
987 2831 1114 2895 licentia
1142 2833 1271 2917 impune

134 2935 256 3018 probra
271 2939 304 2998 et
319 2933 469 2997 inuidiam
485 2934 630 2998 inboucs
648 2934 810 2999 excitandi
821 2941 949 3018 arrepta
965 2935 1102 3018 imagine
1116 2934 1272 3022 Caesaris,

132 3038 304 3122 libertique
320 3040 414 3101 etiam
428 3059 464 3102 ac
483 3039 576 3117 serui,
599 3047 734 3123 patrono
751 3038 803 3102 uel
826 3037 965 3119 domino,
982 3060 1054 3102 cum
1069 3060 1175 3123 uoces,
1199 3063 1272 3105 cum

134 3163 250 3207 manus
274 3144 480 3224 intentarent,
504 3142 588 3206 ultro
612 3140 846 3225 metuerentur’,
879 3143 957 3207 haec
985 3144 1127 3228 patribus
1151 3144 1271 3210 dicens:

132 3246 311 3330 ‘Principes
343 3243 470 3328 quidem
500 3246 600 3309 instar
629 3245 759 3310 deorum
783 3266 862 3326 esse,
885 3247 939 3310 sed
972 3269 1078 3332 neque
1100 3270 1119 3311 a
1143 3248 1190 3312 dis
1213 3250 1272 3314 nisi

135 3351 240 3415 iustas
264 3349 441 3433 supplicum
465 3370 575 3433 preces
599 3349 710 3428 audiri,
743 3371 853 3434 neque
878 3370 1067 3435 quemquam
1089 3352 1121 3414 in
1146 3351 1272 3437 Capito·

134 3454 215 3518 lium
226 3453 330 3516 aliaue
354 3452 440 3516 urbis
464 3454 583 3538 templa
606 3453 784 3538 perfugere,
809 3462 903 3518 uteo
926 3455 1066 3520 subsidio
1090 3456 1130 3520 ad
1152 3459 1274 3541 flagitia

135 3564 257 3622 utatur.
281 3557 415 3621 abolitas
431 3559 517 3642 leges
542 3565 573 3622 et
587 3558 729 3622 funditus
746 3579 864 3639 uersas,
888 3559 941 3623 ubi
964 3561 994 3623 in
1010 3559 1091 3644 foro,
1113 3564 1145 3625 in
1163 3563 1273 3629 limine

134 3662 247 3728 curiae
258 3662 298 3724 ab
314 3660 421 3725 Annia
435 3662 563 3742 Rufilla,
588 3683 681 3747 quam
698 3663 817 3727 fraudis
832 3665 891 3727 sub
906 3664 1010 3728 iudice
1025 3664 1273 3748 damuanissent,

135 3765 256 3851 probra
278 3763 341 3829 sibi
362 3774 395 3830 et
417 3767 521 3830 minae
545 3766 760 3850 intendantur,
787 3789 891 3850 neque
914 3767 983 3851 ipse
1005 3768 1122 3834 audeat
1145 3770 1193 3834 ius
1217 3792 1273 3834 ex-

135 3870 235 3956 periri
258 3870 300 3931 ob
324 3869 463 3953 effigiem
487 3870 688 3954 imperatoris
712 3869 930 3956 oppositam’4

243 3973 305 4046 Qui
328 3974 555 4057 imperatorum
577 3975 681 4038 honos
704 3983 773 4040 arte
796 3976 1049 4060 coniungebatur
1067 3998 1137 4041 oum
1163 3999 1274 4042 eorum

133 4078 301 4143 hominum
323 4079 556 4143 seruandorum
578 4087 748 4164 potestate,
772 4080 857 4146 unde
881 4081 999 4146 facturn
1024 4091 1081 4164 est,
1115 4089 1150 4146 ut
1173 4081 1272 4166 quod·

241 4255 250 4289 1
269 4254 287 4304 1.
306 4269 329 4305 o.
348 4253 397 4304 lin.
419 4251 526 4306 15-19.

242 4339 289 4390 21.
310 4354 332 4391 c.
351 4339 399 4390 lin.
421 4338 529 4392 14-15.

243 4425 253 4460 ³
271 4425 366 4492 Tacit,
384 4442 449 4479 anu.
467 4426 510 4478 III
528 4425 563 4480 63
580 4425 626 4479 fin.

240 4516 250 4552 ⁴
270 4511 365 4580 Tacit,
385 4531 447 4566 aun.
468 4511 570 4568 11136.
