3180 5178
751 447 955 515 ..23-

286 642 487 708 Antiochiam
509 644 638 706 uocauit
667 651 699 707 et
722 662 850 726 campos
873 642 993 706 uicinos
1018 643 1087 706 urbi
1112 643 1253 728 Apollini
1283 642 1421 726 dicauit',

287 749 338 831 qui
362 748 465 832 campi
487 745 564 811 nihil
588 745 672 810 aliud
695 752 768 810 sunt
792 747 850 809 nisi
873 746 963 810 lucus
985 766 1119 829 magnus
1142 754 1174 811 et
1191 747 1323 830 opacus1
1347 770 1420 812 euru

287 851 425 935 Daphne
449 851 519 915 uico
542 871 644 935 prope
667 849 708 914 ad
732 849 843 914 urbem
867 850 954 915 situs.
980 848 1130 914 Ceterum
1154 850 1291 936 Daphne
1308 851 1422 916 Antio-

286 954 375 1018 ohiae
398 955 485 1018 urbis
508 956 598 1039 quasi
623 953 784 1039 appendix
806 953 962 1017 nominari
985 961 1101 1038 potest,
1124 955 1196 1040 quia
1212 975 1422 1040 quaecunque

286 1059 328 1122 ibi
362 1059 445 1122 facta
481 1058 628 1121 dicuutur
661 1058 736 1122 solis
770 1057 809 1121 ab
840 1057 1047 1122 Antiochenis
1083 1080 1257 1144 eorumque
1290 1060 1422 1142 regibus

285 1162 368 1226 facta
401 1169 432 1225 et
466 1159 590 1226 institut
633 1169 717 1241 sunt,
751 1162 839 1226 uelut
865 1163 932 1226 ludi
959 1164 989 1226 in
1022 1163 1174 1229 honorem
1199 1163 1356 1248 Apollinis
1387 1169 1423 1228 et

287 1266 410 1330 Dianae
445 1266 604 1348 celebrati,
636 1287 771 1351 quorum
805 1267 922 1331 montio
956 1267 991 1329 fit
1022 1273 1053 1330 et
1086 1267 1170 1351 apud
1205 1268 1352 1332 Liuium2
1387 1274 1422 1352 et

285 1369 370 1454 apud
394 1370 590 1454 Polybium.³
620 1371 660 1434 In
678 1378 814 1455 utroque
839 1377 944 1434 autem
967 1370 1056 1435 fonte
1072 1370 1250 1436 Antiochus
1265 1371 1324 1436 IV.
1342 1373 1418 1458 Elpi-

286 1475 417 1560 phaues,
440 1474 545 1557 priore
566 1472 637 1537 loco
653 1495 724 1537 cum
741 1474 881 1538 nondum
897 1473 1009 1538 fuisset
1024 1474 1134 1559 Syriae
1150 1496 1218 1558 rex,
1241 1477 1417 1541 secundum

287 1577 459 1662 Polybium
482 1598 538 1662 per
554 1577 683 1661 triginta
701 1577 790 1643 dies4
811 1578 903 1642 ludos
919 1578 958 1642 ad
976 1579 1135 1664 Daphnen
1158 1580 1340 1663 celebrauit,
1364 1583 1419 1665 qui

287 1683 327 1746 ab
351 1684 418 1766 ipso
443 1682 579 1748 Seleuco
596 1681 746 1746 Nicatore
769 1683 802 1745 iu
819 1682 976 1765 Apollinis
999 1683 1098 1767 patris
1114 1683 1267 1748 honorem
1283 1685 1421 1748 instituti

284 1808 354 1851 asse
389 1786 548 1851 uidentur.
594 1784 706 1870 Neque
740 1809 818 1852 uero
851 1787 954 1851 solum
991 1788 1031 1851 ob
1055 1787 1203 1852 ludorum
1233 1788 1421 1872 dierumque

286 1889 441 1955 festorum
478 1891 654 1955 claritatem
676 1891 843 1975 Daphne,
867 1896 935 1954 erat
975 1881 1190 1975 celeberrima,
1227 1894 1281 1958 sed
1322 1893 1420 1958 etiam

288 2001 418 2079 propter
441 1991 585 2074 τεμένους
607 1995 690 2059 illius
714 1995 795 2079 asyli
818 1997 866 2058 ius
888 2016 990 2079 prope
1013 1995 1053 2058 ad
1069 1995 1227 2080 Apollinis
1247 2005 1278 2061 et
1294 1999 1420 2062 Dianae

287 2099 440 2182 templum
473 2099 533 2180 siti,
566 2100 650 2182 quod
685 2099 887 2183 priuilegium
921 2099 960 2162 ad
994 2100 1096 2184 ipsum
1128 2099 1286 2184 Apollinis
1320 2101 1420 2164 filium

286 2203 468 2268 Nicatorem
493 2204 610 2270 referre
634 2204 760 2267 minime
776 2204 897 2270 dubito.
923 2204 1070 2269 Ceterum
1088 2227 1242 2288 persaepe
1260 2226 1421 2269 conuene-

287 2314 361 2371 runt
382 2309 574 2373 Antiocheni
596 2308 758 2392 Daphnen
788 2315 823 2372 ut
855 2309 938 2372 festa
959 2310 1117 2395 ludosque
1147 2311 1345 2374 celebrarent
1375 2317 1422 2372 te-

286 2419 391 2477 stante
415 2413 599 2478 Strabone.⁵

389 2517 495 2591 Quare
520 2517 723 2580 Antiochiam
745 2515 846 2600 ipsam
870 2517 980 2580 urbem
1004 2517 1042 2579 ab
1066 2516 1159 2580 huius
1175 2517 1328 2602 Daphnes
1344 2519 1418 2582 luco

285 2642 375 2685 sacro
410 2627 442 2684 ct
474 2622 594 2705 templo
627 2617 704 2705 Ἱερά
733 2622 780 2682 καὶ
811 2617 930 2696 ἄσυλος’
963 2621 1125 2684 notionem
1157 2624 1316 2706 accepisse
1354 2644 1422 2685 non

286 2725 398 2788 mirum
422 2723 559 2789 uidetur.
585 2724 715 2808 Asylum
741 2732 846 2788 autem
869 2724 947 2787 illud
970 2745 1105 2788 unacum
1127 2727 1244 2810 templo
1262 2726 1420 2810 Apollinis

288 2829 419 2914 eiusque
449 2829 572 2892 Dianae
606 2829 723 2892 sororis
757 2827 894 2892 medium
928 2829 1058 2892 tenebat
1092 2830 1197 2892 locum
1227 2831 1325 2914 ipsius
1355 2831 1423 2893 luci

285 2935 375 3010 sacri,
400 2933 452 3015 qui
468 2931 579 2995 habuit
595 2931 749 2995 ambitum
767 2934 929 3016 octoginta
944 2933 1145 2998 stadiorum.6
1167 2934 1282 3018 Itaque
1298 2935 1418 3019 Apollo

288 3046 320 3103 et
349 3038 451 3104 Diana
484 3039 572 3123 asylo
606 3037 659 3101 illo
697 3038 827 3121 eiusque
862 3038 930 3100 iure
958 3038 1142 3122 gaudebant
1175 3039 1249 3103 inde
1279 3038 1346 3103 fere
1378 3041 1420 3102 ab

285 3144 374 3206 initio
397 3143 517 3208 saeculi
540 3164 566 3205 a.
584 3141 655 3206 Ohr.
674 3163 704 3206 n.
729 3142 823 3206 tertii.
847 3141 963 3206 Exstat
982 3149 1088 3206 autem
1103 3143 1134 3207 in
1152 3141 1420 3207 Maccahaeorum

284 3247 384 3311 libr0⁷
409 3248 600 3331 exemplum,
631 3246 715 3330 quod
739 3246 874 3308 affirmat
897 3247 929 3310 iu
952 3246 1109 3330 Apollinis
1141 3253 1172 3310 et
1195 3248 1316 3311 Dianae
1339 3247 1420 3310 illud

286 3351 409 3435 asylum
435 3351 593 3435 supplices
609 3371 680 3415 sese
699 3351 870 3434 rettulisse,
892 3358 927 3414 ut
943 3351 1120 3435 effugerent
1143 3352 1252 3415 mortis
1269 3352 1421 3436 pericula.

285 3455 384 3520 Onias
412 3456 497 3519 enim
520 3455 593 3534 IlI.‚
617 3453 814 3519 Judeeorum
836 3456 983 3538 pontifex
1007 3454 1193 3538 (195-175
1217 3477 1244 3520 a.
1270 3455 1342 3519 Ohr.
1365 3455 1424 3536 u),

286 3581 380 3644 quern
402 3558 512 3624 laudat
535 3558 799 3624 Maccahaeorum
821 3559 923 3624 liber8
952 3556 1156 3644 ‘prouisorem
1181 3561 1319 3624 ciuitatis
1342 3581 1422 3624 suae

285 3684 322 3726 ac
352 3663 552 3728 defensorem
582 3665 688 3747 gentis
717 3685 794 3728 suae
825 3673 856 3729 et
880 3666 1107 3730 aemulatorem
1130 3665 1210 3748 legis
1234 3661 1311 3742 Der,
1347 3683 1421 3728 cum

285 3767 394 3832 Simon
410 3768 536 3852 quidam
554 3767 581 3832 ei
597 3768 816 3834 maledixisset
831 3769 916 3853 apud
929 3768 1123 3835 Antiochum
1135 3769 1192 3834 IV.
1209 3768 1424 3854 Epiphanem,

288 3875 491 3882 -...,--——--

391 3907 401 3943 ¹
422 3906 514 3959 Strab.
533 3905 602 3958 XVI
619 3905 636 3958 2
654 3903 669 3970 ἓ
687 3905 704 3958 6
721 3923 746 3973 p.
769 3907 790 3960 (l
809 3904 868 3959 750.

389 3995 399 4031 ²
417 3987 543 4046 XXXIII
561 3990 603 4055 49,
622 3991 647 4044 6.
875 3985 876 3988 ¹

387 4081 398 4116 ³
415 4080 443 4131 in
463 4078 565 4146 fragm.
585 4079 646 4130 libr.
665 4077 762 4131 XXXI
779 4079 805 4145 3,
824 4079 847 4131 l.

385 4168 398 4204 ⁴
415 4169 433 4218 l.
452 4183 474 4218 c.
493 4161 718 4219 ’ἐπιτελεσθέντων
735 4168 765 4219 δὲ
789 4165 838 4220 τῶν
862 4163 963 4238 α’γῶνων
980 4201 1067 4219 ...μ
1086 4163 1150 4220 nord
1170 4165 1298 4238 τριάκονθ’
1315 4165 1424 4239 ἡμέρας).

385 4255 431 4307 ⁵1.
453 4269 476 4306 c.

383 4339 503 4392 Gstrab.
522 4338 591 4390 xvl
610 4337 627 4390 2
647 4339 662 4400 ξ
679 4337 696 4392 6
713 4355 740 4406 p.
760 4338 780 4391 O
798 4338 857 4393 750.

389 4428 399 4462 ⁷
420 4423 449 4478 II
466 4427 491 4488 4,
509 4423 550 4481 33.

389 4515 400 4554 ⁸
418 4513 446 4570 Π
463 4515 490 4581 4,
510 4511 534 4568 2.
