3180 5178
605 503 814 569 *75-

148 695 313 760 Andaniae
331 696 360 758 in
380 695 516 760 bonores
533 697 603 758 ’ταῖν
619 696 779 777 Μεγάλαι
796 693 889 760 θεῶν’
905 697 1101 761 celebrandis
1117 698 1274 782 permulta

146 805 339 864 statuuntur.
378 799 416 862 In
440 799 487 862 his
509 819 634 883 quoque
650 799 691 862 de
714 820 878 862 seruorum
895 801 982 885 asylo
1007 802 1112 883 agitur
1135 801 1166 864 in
1182 822 1273 886 para-

146 901 381 988 graphoXVI.‚
407 903 459 967 ubi
483 905 629 986 leguntur
653 904 748 967 haec:
780 899 865 980 ’Τοῖς
887 902 1002 980 δούλοις
1032 903 1163 988 φοίγιμον
1195 904 1277 969 ἔστω

146 1004 181 1071 td
205 1005 297 1092 ἱερδιι,
320 1003 427 1082 aedeis
456 1003 495 1071 do
517 1005 545 1070 οῖ
568 1007 643 1091 ίοροί
674 998 873 1082 ἀποδείξαιτο
905 1007 959 1072 cdo
991 1006 1105 1074 τόποοί.
1157 1011 1273 1094 Itaque

145 1120 248 1176 certus
272 1109 399 1195 quidam
424 1112 532 1194 templi
554 1107 626 1174 ‘teir
653 1108 811 1192 Μεγάλων
835 1112 924 1176 θιῶί
953 1112 1042 1178 locus
1073 1114 1173 1178 seruis
1205 1119 1274 1178 erat
1360 1202 1362 1204 q

144 1215 322 1300 perfugium
344 1235 401 1298 per
416 1215 639 1300 mysteriorum
658 1201 790 1298 tempus,
815 1237 906 1299 quem
923 1216 1052 1300 quidem
1067 1219 1272 1300 magistratus

144 1319 267 1384 dierum
300 1318 452 1382 festorum
484 1318 746 1382 celebrandorum
778 1340 873 1384 causa
905 1321 1013 1384 statuti
1042 1320 1061 1386 iss
1086 1333 1117 1386 e.'
1137 1321 1274 1407 οίίεροί

143 1425 335 1488 statuebant.
379 1423 500 1487 Iniuria
524 1431 628 1487 autem
653 1423 812 1507 Sauppius
842 1444 951 1490 seruos
983 1425 1086 1490 solum
1117 1449 1173 1511 per
1200 1447 1272 1512 my·

145 1529 313 1591 steriorum
337 1531 461 1611 tempus
485 1527 564 1613 asyli
587 1527 663 1590 iuris
687 1529 797 1611 templi
819 1527 904 1593 illius
919 1529 1088 1596 Andmniae
1102 1533 1272 1616 participes

142 1631 210 1694 fieri
232 1631 374 1716 potuisse
398 1631 530 1714 censuit,
552 1653 649 1716 quam
665 1631 791 1716 quidem
805 1633 999 1698 mumadam
1013 1655 1073 1698 sue
1096 1635 1165 1698 iure
1179 1656 1272 1718 repu-

141 1735 242 1799 diauit
262 1734 478 1820 Fouumtlns‚¹
497 1736 736 1822 inscriptionem
758 1737 845 1801 illam
862 1737 1098 1803 Andaniensem
1115 1757 1272 1804 commen-

140 1844 241 1920 tatus,
264 1861 336 1904 cum
359 1839 493 1920 diceret,
516 1845 620 1903 totum
651 1841 759 1925 templi
793 1841 946 1905 ambitum
978 1845 1079 1907 seruis
1112 1845 1272 1908 exstitisse

142 1942 264 2028 asylum
287 1966 343 2028 per
366 1964 459 2006 omne
482 1950 606 2028 tempus
637 1944 732 2026 aliud,
767 1944 825 2008 nisi
856 1967 913 2030 per
946 1947 1170 2030 mysteriorum
1193 1946 1274 2010 ccle-

140 2045 333 2111 brandorum
357 2055 491 2132 tempus,
516 2068 577 2131 quo
601 2046 629 2110 οἱ
651 2046 731 2131 ἱεροί
751 2054 873 2112 certum
903 2049 1011 2134 templi
1039 2051 1175 2134 spatium
1204 2072 1273 2134 per-

140 2149 264 2230 fugium
283 2172 352 2215 esse
368 2151 521 2215 dixissent
535 2151 711 2216 secuudum
727 2159 931 2237 praeceptum
955 2155 1147 2238 paragraphi
1169 2154 1271 2238 XVI„

139 2255 326 2338 praesertim
349 2275 420 2318 cum
451 2256 478 2318 si
510 2275 566 2340 per
595 2257 820 2339 mysteriorum
852 2277 979 2342 quoque
1012 2265 1138 2344 tempus
1171 2267 1270 2322 totum

139 2360 276 2441 spatium
291 2365 432 2423 sanctum
449 2361 549 2423 seruis
564 2361 729 2442 patuisset,
752 2360 844 2425 facile
867 2361 935 2425 fieri
951 2363 1117 2446 potuisset,
1141 2369 1176 2426 ut
1191 2362 1271 2426 clam

139 2461 318 2545 effugerent
351 2463 433 2526 serui
464 2463 571 2546 itaque
606 2463 723 2526 domini
765 2485 874 2528 eorum
911 2465 1024 2529 damno
1060 2466 1271 2531 allicerentur.

139 2563 245 2638 Quare
269 2587 325 2650 per
340 2565 401 2630 hoc
418 2575 542 2651 tempus
566 2567 645 2652 asyli
668 2567 748 2632 fines
772 2569 1000 2632 coercebantur
1025 2576 1058 2634 et
1080 2570 1270 2635 circumscri-

138 2666 295 2732 bebantur
317 2670 377 2733 hoc
395 2670 499 2747 modo,
525 2677 558 2733 ut
579 2681 683 2734 certus
697 2677 829 2736 tantum
852 2672 965 2755 templi
987 2671 1075 2737 locus
1091 2673 1269 2758 perfugium

138 2779 221 2836 esset
244 2773 345 2836 seruis
369 2772 575 2854 fngientibus.
622 2773 703 2838 Tum
728 2775 855 2858 quidem
878 2775 1152 2861 praescribebatur
1175 2778 1269 2842 etiam

134 2870 191 2938 ‘ael
214 2878 323 2958 μηδείς
343 2874 547 2958 ὑποδεχέσθω
571 2875 642 2954 rede
673 2877 833 2963 δραπέτας
859 2876 940 2962 μηδὲ
972 2880 1163 2944 οιτοδοτείτω
1190 2882 1270 2965 μηδὲ

136 2975 213 3063 ἔργα
235 2976 414 3063 παρεχέι·ω’,
433 2976 551 3065 ‘nequis
567 2982 722 3066 reciperet
736 3002 864 3046 seruum
888 2981 1058 3066 fugitiuum
1081 3004 1163 3048 neue
1181 3005 1270 3068 prae·

136 3082 224 3148 beret
240 3082 358 3147 cibaria
380 3105 462 3148 neue
485 3087 616 3168 negotia
632 3082 730 3149 daret'
752 3085 849 3171 idque
865 3086 967 3151 donec
990 3108 1103 3152 seruus
1125 3088 1157 3151 in
1180 3089 1269 3175 asylo

135 3184 188 3248 illo
211 3193 361 3252 moratur.
407 3183 458 3250 “0
478 3185 511 3252 δὲ
534 3195 629 3253 ποιῶν
652 3187 734 3270 παροί
757 3186 794 3252 τοί
818 3187 1014 3270 γεγραμμένα
1038 3187 1176 3268 ὑπόδικος
1193 3190 1272 3257 ἔσται

136 3294 190 3351 τῶι
207 3289 303 3372 κορίιοι
326 3295 380 3364 τοῖς
402 3297 458 3354 τοῦ
481 3289 624 3371 σώματος
645 3289 731 3368 αἘίας
754 3293 911 3368 διπλασίας
935 3294 983 3356 καί
1006 3290 1155 3374 ἐπιτιμίου
1178 3299 1273 3380 δραχ-

131 3397 194 3470 μοῖν
215 3395 419 3458 πεντακοσιᾶν.
459 3390 496 3456 ‘O
518 3393 553 3457 δέ
575 3393 676 3479 ἲορεδς
696 3391 872 3479 ἐπικρινέτω
895 3399 1048 3478 περὶτῶν
1072 3399 1270 3481 epanenses,

133 3493 199 3558 ὅσοι
224 3521 261 3558 κα
285 3491 376 3575 ἧνται
399 3493 433 3559 ἐκ
455 3502 510 3574 τοῖς
533 3495 688 3581 οἱμετίρας
711 3496 817 3575 πόλιος
840 3502 887 3562 καὶ
912 3495 1003 3576 ὅσους
1025 3526 1061 3563 ue
1089 3502 1272 3588 κατακρίνει,

135 3597 302 3682 παραδότω
324 3607 388 3676 τοῖς
405 3599 521 3680 κυρίοις·
545 3597 585 3666 dv
604 3601 637 3666 δὲ
652 3600 698 3685 μή
716 3605 896 3687 παραδιδῶι,
921 3598 1070 3686 ἒξ[έσ]τοι
1093 3611 1147 3669 τῶι
1169 3607 1270 3686 κορίοιι

133 3699 315 3788 ἀποτρέχειν
337 3700 455 3782 ἔχοντί.

235 3806 331 3871 Ηίοοο
356 3808 590 3873 condicionibus
613 3830 632 3872 a
655 3811 738 3873 serui
761 3808 890 3875 domino
914 3811 1022 3895 aliquo
1045 3813 1140 3876 modo
1164 3814 1270 3898 prohi-

131 3908 268 3973 bebatur
291 3909 451 3994 damnum,
476 3933 548 3975 eum
580 3913 606 3976 si
637 3915 707 3998 quis
731 3934 861 3978 seruum
893 3914 1049 3998 quendam
1075 3919 1268 4003 nescioquo

132 4011 226 4076 modo
250 4013 388 4094 adiuuit,
423 4016 522 4080 cibis
550 4022 695 4100 tanturn,
728 4020 838 4102 quanti
868 4018 974 4082 fuerat
1005 4021 1073 4104 ipse
1102 4043 1214 4086 seruus
1237 4020 1271 4086 cl

131 4122 296 4199 praeterea
319 4119 512 4202 quingentae
535 4119 706 4184 drachmae
723 4125 813 4184 crant
828 4120 1003 4186 soluendae
1019 4128 1051 4186 ct
1066 4143 1122 4187 eae
1138 4123 1264 4209 quidem

129 4218 189 4303 ipsi
212 4220 298 4286 serui
321 4221 452 4307 fugitiui
475 4222 614 4289 domino.
661 4223 796 4288 Accedit
827 4225 912 4309 quod
939 4245 1103 4290 seruorum
1131 4227 1270 4310 illorum,

131 4383 159 4428 et
178 4391 240 4441 pag.
261 4374 317 4430 173.
330 4408 364 4418 -
377 4377 494 4444 Sauppe,
514 4377 559 4431 die
573 4379 851 4446 Mysterieninschrift
865 4395 915 4432 sus
930 4379 1059 4432 Andania
1073 4379 1147 4434 1860.
1177 4382 1265 4436 Oonze

128 4465 156 4513 et
176 4459 326 4525 Michaelis,
348 4462 446 4514 Bullet.
465 4461 554 4516 Instit.
574 4464 689 4517 archsol.
710 4463 786 4518 1861.
805 4481 869 4532 pag.
890 4460 931 4520 62.

235 4547 243 4582 ¹
262 4547 281 4600 l.
301 4563 325 4600 c.
344 4563 410 4617 pag.
436 4546 492 4602 173.
