3180 5178
582 497 794 561 ..55..

119 687 208 750 utin
239 687 375 750 nummis
399 686 504 751 Juliae
527 687 696 752 Domnae¹
728 696 760 752 et
784 689 992 754 Oa1·acallae.²
1036 689 1149 775 Neque
1178 713 1253 756 uero

28 793 29 810 ¹
120 791 292 876 quidquam
330 792 409 855 certi
446 792 485 854 de
521 791 581 856 hoc
619 792 678 856 deo
717 797 879 878 tamquam
918 795 997 879 asyli
1035 794 1254 881 Tyanensinm

121 902 257 980 patrono
280 896 377 959 statui
400 902 516 979 potest.

402 1017 442 1080 ad
465 1040 495 1082 n.
520 1019 560 1080 24
585 1024 616 1081 et
639 1020 680 1082 25
705 1018 745 1083 cf.
767 1040 798 1083 n.
824 1022 838 1081 1
866 1027 897 1084 et
923 1022 971 1085 13.

563 1252 603 1316 ad
628 1275 657 1316 n.
682 1255 733 1318 26.
757 1256 807 1316 44.

511 1425 657 1491 ASYLA
680 1425 860 1491 LYDIAE.

1140 1513 1164 1550 ὥ»

223 1601 274 1663 26.
296 1599 613 1662 Hierocaesarienses
626 1598 746 1683 Lydiae
760 1598 870 1662 Tacito
888 1598 1036 1663 auctore3
1053 1619 1123 1662 cum
1140 1606 1253 1664 senatu

28 1689 29 1768 l
118 1703 265 1766 Romano
289 1701 330 1764 de
345 1700 453 1786 templi
478 1700 526 1764 sui
541 1700 664 1766 Dianae
680 1703 844 1782 Persicae,
860 1709 896 1766 ut
915 1701 1034 1784 dicunt,
1059 1702 1153 1766 dicati
1173 1705 1253 1788 asyli

28 1813 29 1900 l
119 1809 186 1871 inre
210 1806 348 1890 agebant
370 1811 467 1886 atque
490 1802 591 1869 ‘altius
615 1806 849 1889 exposuerunt,
881 1815 916 1870 ut
938 1808 1101 1890 postulata
1123 1829 1180 1870 sua
1203 1808 1254 1870 fir·

28 1909 29 1950 l
117 1917 252 1976 merent.
303 1910 465 1974 Persicam
495 1909 738 1992 appellauerunt
770 1910 906 1974 Dianam
938 1917 1067 1995 propter
1091 1911 1253 1975 Persicum

28 2081 29 2092 y
118 2017 186 2079 eius
209 2021 243 2079 ut
266 2013 392 2080 uidetur
415 2014 545 2093 cultum,
570 2035 663 2098 quern
686 2015 862 2078 accuratius
879 2014 1026 2079 describit
1041 2015 1253 2078 Pausaniasz⁴

28 2101 29 2116 ³
117 2115 207 2184 ‘Sunt
230 2118 336 2204 Lydis,
359 2119 413 2202 qui
435 2118 555 2182 Persici
580 2119 851 2202 cognominantur,
885 2119 1003 2202 templa
1028 2121 1059 2180 in
1081 2118 1252 2182 Hierocae-

28 2281 29 2284 ,
117 2246 209 2288 sarea
232 2222 347 2308 oppido
376 2230 408 2286 et
431 2223 604 2308 Hypaepis.
648 2222 687 2286 In
711 2229 845 2306 utroque
878 2222 995 2306 templo
1019 2222 1162 2287 aedicula
1185 2222 1252 2287 siue

117 2330 198 2392 cella
222 2334 270 2391 est
294 2349 363 2390 cum
388 2328 459 2408 aris,
483 2348 578 2410 super
601 2327 648 2390 his
671 2327 766 2391 cinis:
791 2347 892 2410 eoque
915 2326 1076 2410 ingressus
1104 2326 1252 2390 sacerdos
1308 2355 1310 2360 ·

28 2517 29 2520 Ἴ
118 2433 185 2496 siue
209 2453 321 2516 magus
345 2431 425 2494 tiara
448 2435 544 2514 caput
573 2431 698 2495 uelatus
723 2429 793 2493 foco
824 2430 913 2494 arida
943 2430 1029 2512 ligna
1057 2431 1191 2516 imponit
1221 2436 1253 2494 et

28 2521 29 2524 ¹
117 2535 213 2600 deum
237 2537 343 2599 nescio
375 2557 466 2620 quem
500 2536 664 2599 barbarico
695 2556 841 2600 sermone
871 2535 1009 2599 inuocat.
1063 2535 1128 2598 Ubi
1159 2534 1252 2598 desiit

116 2640 222 2704 statim
253 2662 270 2703 e
301 2639 393 2723 lignis
425 2647 538 2723 sponte
561 2641 728 2725 purissima
750 2641 877 2702 flamma
907 2641 1021 2703 emicat
1044 2645 1075 2701 et
1098 2636 1250 2722 assurgit'.

115 2742 155 2807 Id
177 2765 212 2808 sc
237 2742 355 2807 uidisse
379 2750 485 2807 narrat
507 2743 693 2809 Pausanias.

223 2846 297 2910 Sine
313 2847 410 2910 dubio
436 2869 478 2910 ex
494 2847 542 2910 bis
558 2847 770 2931 singularibus
786 2847 985 2911 caerimoniis
1000 2845 1122 2910 Dianae
1137 2843 1252 2910 Hiero-

117 2951 360 3014 caesariensinm
384 2951 495 3034 religio
518 2957 615 3035 atque
646 2952 807 3014 ueneratio
831 2957 902 3015 orta
925 2957 982 3030 cst,
1013 2951 1099 3015 unde
1122 2950 1252 3015 Persica

116 3055 338 3139 appellabatur
372 3061 403 3118 et
436 3062 568 3139 propter
599 3055 750 3119 eximium
781 3057 847 3120 eins
878 3056 998 3118 cultum
1023 3076 1099 3117 mox
1128 3055 1252 3118 Dianae

116 3179 228 3222 eorum
259 3159 378 3243 templo
410 3160 491 3245 asyli
520 3160 569 3223 ius
601 3180 788 3223 concessum
819 3167 878 3243 est,
909 3168 944 3224 nt
968 3159 1113 3243 equidem
1145 3158 1251 3240 credo,

28 3287 29 3294 ¹
114 3263 181 3326 iarn
205 3283 223 3325 a
239 3263 334 3348 Cyro,
360 3282 421 3345 quo
441 3270 597 3347 regnante
615 3263 783 3327 delubrum
800 3263 925 3328 Dianae
942 3271 1140 3327 exstructum
1156 3268 1251 3345 atque

118 3367 257 3431 dicatum
282 3366 366 3432 est⁵
889 3373 892 3380 '

223 3447 320 3544 Quod
341 3470 527 3534 beneficium
550 3469 678 3546 ἀσυλίας
702 3472 952 3535 aRomanornm
977 3491 1101 3556 quoque
1119 3471 1250 3535 ducibus

28 3633 29 3654 y
112 3579 148 3636 et
178 3573 421 3657 imperatoribus
456 3595 522 3639 esse
557 3576 778 3639 confirmatum
810 3583 842 3639 et
873 3582 1000 3639 auctum
1032 3580 1252 3639 contestantur

28 3663 30 3708 l
113 3676 203 3760 apud
227 3676 372 3741 Tacitum
397 3676 730 3758 Hierocaesarienses;
761 3679 978 3744 memorabant
1002 3680 1086 3744 enirn
1109 3678 1152 3742 M.
1176 3679 1252 3741 Per-

28 3853 29 3866 *
113 3802 240 3866 pennae
263 3804 389 3863 nomen,
415 3785 467 3868 qui
490 3806 572 3848 anno
599 3807 626 3850 a.
653 3784 725 3848 Ohr.
749 3807 778 3848 n.
806 3783 876 3850 130.
915 3784 1139 3860 Aristonicum,
1163 3782 1251 3845 Atta·

113 3886 217 3950 lorum
235 3888 321 3969 regni
335 3896 567 3972 usurpatorem,
581 3888 708 3969 deuicit²
721 3909 739 3950 a
753 3909 817 3970 quo
833 3890 967 3972 primum
981 3886 1252 3951 confirmationem

115 3989 279 4070 priuilegii
294 3992 499 4075 accepissent.
535 3993 655 4056 Postea
674 3998 859 4056 renouatum
883 3992 914 4055 id
938 4014 1007 4056 esse
1025 4014 1043 4055 a
1060 3990 1098 4056 P.
1116 3989 1251 4054 Seruilio
1356 4073 1357 4076 Ἴ

220 4210 228 4242 ¹
248 4209 265 4258 l.
285 4225 307 4260 c.
327 4224 352 4274 p.
371 4206 423 4261 440
440 4225 467 4260 n.
486 4207 545 4262 229.

222 4295 269 4346 ²1.
289 4311 312 4346 o.
331 4311 356 4360 p.
375 4297 424 4348 441
444 4312 470 4346 n.
488 4295 547 4348 234.

218 4381 228 4414 ³
248 4381 343 4446 Tacit,
362 4397 424 4432 ann.
443 4380 547 4433 11162.

219 4468 231 4502 ⁴
250 4469 330 4520 Pons.
350 4468 374 4520 V
393 4467 435 4532 27,
454 4469 478 4522 3.

221 4555 230 4589 ⁵
249 4553 346 4618 Tacit,
365 4572 427 4607 ann.
446 4554 489 4606 ΙΙΙ
507 4553 548 4608 63.

175 4651 245 4692 Bort
255 4649 281 4694 h,
297 4649 329 4698 B.‚
345 4649 377 4688 Da
392 4648 528 4689 Graecorum
542 4650 619 4701 asylis.
