3180 5178
764 439 976 504 „50-

305 631 375 709 Qua
398 633 430 698 in
453 635 531 700 urbe
554 634 685 700 florebat
708 633 842 720 denique
871 634 1075 699 celeberrima
1104 634 1160 697 illa
1182 633 1331 698 Teiorum
1360 635 1440 698 arti·

303 738 397 802 fioum
419 736 682 823 Dionysiaeorum
712 737 857 822 synodos,
887 738 939 821 qui
968 737 1093 800 omnino
1124 736 1163 801 de
1186 736 1322 822 Dionysi
1347 739 1438 802 cultu

302 840 483 905 extollendo
526 841 655 926 eiusque
697 841 801 924 gloria
844 861 900 924 per
938 845 1039 903 totam
1075 837 1187 904 Asiam
1223 841 1434 926 propaganda

301 947 419 1030 optime
443 945 556 1027 meriti,
585 945 756 1028 plurimum
779 943 974 1008 adiuuabant
1005 950 1039 1007 ut
1062 949 1252 1027 augerentur
1275 946 1431 1028 imprimis

303 1049 370 1114 Teo
392 1050 425 1114 in
447 1049 525 1114 urbe
548 1048 680 1132 Dionysi
703 1047 821 1111 Baoohi
845 1048 1062 1111 caerimoniae.
1102 1047 1161 1111 His
1185 1047 1312 1131 quidem
1335 1049 1433 1112 artifi-

302 1153 389 1217 oibus
411 1154 475 1216 iam
497 1160 570 1217 ente
593 1152 733 1216 medium
755 1153 915 1216 saeculum
931 1171 958 1214 a.
974 1150 1048 1216 Chr.
1072 1173 1102 1215 n.
1127 1151 1186 1216 111.
1212 1159 1242 1215 et
1264 1149 1375 1216 ἀσυλία
1398 1158 1431 1216 et

302 1253 453 1340 ἀσφάλεια
486 1262 518 1320 et
546 1258 577 1321 in
613 1255 694 1320 ballo
726 1263 758 1320 et
790 1257 823 1319 in
855 1277 932 1341 paee
964 1261 1038 1319 erat
1067 1255 1187 1319 tributa
1217 1255 1257 1319 ab
1289 1256 1435 1321 omnibus

303 1361 434 1425 Graecis
457 1361 574 1424 oraculi
596 1360 754 1444 Apollinis
776 1359 886 1424 iussul
915 1357 968 1423 ‘ita
990 1366 1026 1423 ut
1053 1359 1099 1423 eis
1125 1360 1256 1442 negotia
1278 1359 1436 1424 facessere

302 1466 421 1530 nemini
461 1465 569 1529 liceret
605 1471 636 1529 et
670 1466 729 1549 ipsi
763 1471 868 1528 essent
901 1465 981 1528 saori
1026 1463 1067 1527 ad
1107 1462 1239 1527 deorum
1276 1464 1435 1548 legitimos

301 1564 454 1651 honores’,
478 1589 558 1652 quae
581 1567 640 1632 etsi
663 1567 702 1631 de
725 1567 896 1631 artificibus
918 1567 1114 1652 Dionysiaois
1137 1567 1378 1631 Atheniensium
1401 1569 1436 1632 in

302 1670 571 1756 Amphictyonum
587 1671 723 1755 quodam
746 1671 872 1735 decreto
888 1670 973 1734 diota
988 1670 1087 1751 τιιολ,2
1110 1677 1217 1733 tamen
1234 1669 1273 1733 de
1286 1670 1436 1735 Teiorum

302 1773 473 1838 artificibus
496 1793 622 1857 prorsus
645 1780 676 1837 et
697 1773 810 1838 iisdem
832 1773 951 1838 ualent.

407 1875 489 1950 Quid
527 1878 624 1962 igitur
662 1877 777 1940 mirum
814 1877 841 1941 si
877 1877 1034 1955 Romani,
1079 1877 1223 1940 ciuitates
1260 1884 1435 1964 gentesque

303 1980 455 2060 Graecae,
479 1980 628 2045 Teiorum
650 1981 735 2045 urbis
758 2002 893 2067 quoque,
917 2002 989 2045 eum
1011 1990 1093 2045 esset
1115 1981 1207 2046 sedes
1228 1983 1436 2046 celeberrima

301 2079 366 2146 ‘tori
388 2086 487 2148 κοινοῦ
509 2091 573 2148 τοῖν
595 2087 663 2164 περὶ
686 2083 739 2148 τόν
765 2083 913 2148 Διόνυσον
928 2091 1074 2166 τεχνιτῶν
1096 2081 1222 2148 ττῦνάπ’
1241 2083 1367 2162 Ἰωνίας
1382 2088 1435 2150 καὶ

296 2187 529 2272 Ἑλλησπόντου
552 2191 601 2252 καὶ
624 2195 689 2252 τοῖν
721 2191 791 2272 περὶ
824 2185 878 2252 τᾶν
900 2186 1101 2272 καθηγεμόνα
1127 2186 1298 2252 Λιὸνυσον’3
1327 2192 1438 2254 confir-

304 2299 471 2356 mauarunt
491 2294 572 2377 asyli
594 2293 642 2356 ius
665 2314 684 2356 a
700 2293 784 2356 Teiis
801 2293 926 2358 oraculo
941 2293 1101 2378 Apollinis
1116 2301 1147 2357 et
1162 2293 1271 2378 Pythii
1286 2301 1318 2358 et
1333 2292 1436 2380 Didy-

305 2397 386 2461 maei
408 2397 577 2461 monente4
599 2398 827 2482 impetratum?

406 2498 571 2564 Habemus
595 2501 722 2565 decreta
745 2501 875 2585 triginta
899 2501 959 2565 duo
982 2501 1021 2564 de
1040 2499 1188 2565 Teiorum
1211 2503 1299 2587 asylo
1322 2502 1436 2566 eonfir·

305 2603 420 2668 mando
443 2610 538 2687 atque
561 2605 743 2668 renouando
766 2604 926 2689 hueusque
948 2605 1048 2684 nota‚⁵
1070 2607 1137 2669 siue
1160 2605 1285 2690 integra
1307 2613 1436 2671 seruata

303 2707 371 2771 siue
393 2707 533 2792 perdita:

406 2935 502 2997 Anno
534 2955 562 2996 a.
596 2932 668 2996 chr.
703 2935 783 3011 193„
818 2955 880 3018 quo
911 2936 1005 2998 uariis
1034 2935 1159 3020 populis
1182 2934 1251 2999 Teii
1283 2937 1436 3002 miserunt

304 3038 429 3121 legatos
452 3036 556 3100 uarios
578 3043 650 3099 sunt
673 3037 840 3100 tribuenda
863 3037 990 3101 deoreta
1012 3037 1104 3101 haee:

412 3195 469 3242 1ut
487 3191 566 3244 testis
586 3195 626 3242 est
646 3192 742 3242 titulus
761 3191 787 3242 in
808 3191 836 3244 O.
858 3192 879 3244 I.
899 3191 930 3244 G.
948 3192 977 3244 II
995 3210 1021 3244 n.
1041 3191 1107 3246 8087
1125 3194 1172 3245 liu.
1193 3193 1226 3245 16
1244 3209 1302 3263 sqq.
1325 3192 1349 3265 ‘p‘
1368 3200 1437 3269 παρά

306 3283 357 3336 τῶν
379 3281 498 3353 τεχνιτῶν
513 3278 638 3337 eluduntur
656 3279 729 3338 δόξα,
748 3277 789 3338 οὓς
806 3285 846 3330 καὶ
864 3286 920 3331 θεοὶ
943 3286 982 3332 καὶ
1001 3279 1118 3344 β[οοιλεῖς
1142 3287 1183 3333 καὶ
1202 3280 1292 3344 πάντες
1308 3281 1438 3351 Ἕλ]ληνες

304 3369 411 3434 τιμῶσιν,
429 3369 564 3426 δεδωκότες
581 3362 628 3432 τήν
645 3385 674 3416 τε
686 3362 789 3418 ἇοολλαν
801 3371 841 3417 καὶ
855 3364 985 3432 ἆοφιῖλειαν
1002 3366 1063 3418 ποῖοι
1076 3362 1127 3432 [καὶ
1146 3373 1258 3434 πολέμου
1274 3375 1315 3421 καὶ
1332 3366 1440 3438 εἶλρήνης

305 3453 553 3512 κατακολουθοῦντες
577 3460 629 3512 τοῖς
653 3451 701 3503 τοῦ
720 3450 872 3512 ’Λπόλλωνος
890 3462 1016 3522 χρησμοῖς.
1046 3451 1105 3516 (oft.
1127 3452 1158 3504 O.
1182 3453 1305 3522 Ludere,
1325 3457 1440 3526 Dionys.

306 3540 437 3592 Kiinstler
457 3555 520 3605 pag.
540 3537 571 3588 77
591 3537 642 3606 sq.)
682 3537 802 3597 „Unsere
820 3539 988 3590 Insohriften
1010 3555 1062 3590 von
1081 3539 1152 3590 Teos
1176 3540 1362 3606 augeamus
1382 3542 1437 3598 den

305 3627 438 3678 Teisohen
458 3626 610 3677 Teohniten
633 3625 699 3691 jene
720 3625 888 3689 Privilegian
907 3625 1005 3688 (ἅσολία
1024 3632 1065 3679 καὶ
1083 3625 1201 3693 deputata
1220 3627 1285 3689 ato.)
1304 3628 1331 3679 in
1350 3629 1438 3697 Fulge

304 3714 377 3766 einos
396 3714 602 3780 Apollinisohen
621 3711 841 3779 Oralrelspruohs
860 3713 1002 3764 verliehen
1021 3711 1158 3764 wurden.“
1196 3712 1226 3766 Ο.
1246 3714 1361 3781 Ludere,
1380 3717 1397 3768 l.
1411 3733 1436 3768 ο.

303 3817 364 3868 pag.
383 3799 425 3853 80.

406 3887 470 3940 ²of.
489 3885 626 3951 Fouoart„
651 3886 684 3938 de
709 3887 835 3954 collegiis
860 3887 959 3939 suenio.
978 3887 1076 3940 artifia.
1101 3889 1174 3955 apud
1193 3887 1319 3941 Graecos.
1357 3890 1438 3944 Paris

304 3971 371 4027 1878
388 3989 452 4040 pag.
470 3971 513 4027 38.

404 4060 466 4113 8ολ.
487 4059 601 4127 Ludere,
621 4063 637 4115 l.
658 4077 680 4114 ο.
700 4076 764 4126 pag.
785 4061 825 4113 77.

403 4145 470 4197 ⁴110
489 4145 550 4212 Bas,
571 4147 590 4198 l.
609 4163 632 4198 ο.
650 4163 677 4197 n.
696 4144 730 4198 78
748 4147 795 4198 lin.
814 4145 831 4198 8
850 4163 889 4215 sq.
908 4143 957 4202 ‘clue'
975 4171 1003 4201 τε
1028 4155 1081 4202 τοῖν
1095 4151 1212 4220 χρησμῶν
1236 4145 1296 4216 [τῶν
1316 4149 1437 4223 οἶνογγελ-

300 4239 399 4285 θέντων
417 4229 455 4298 ἓν]
474 4237 582 4300 Δελφοῖς
599 4239 639 4286 καὶ
658 4235 685 4286 ἓν
702 4230 831 4300 Διδύμοις’
849 4240 892 4286 κτλ
906 4273 911 4286 .
925 4273 932 4286 .
946 4269 952 4283 ·
966 4271 990 4286 ..

404 4319 415 4357 ⁵
433 4314 477 4371 ‘la
497 4320 534 4371 Le
554 4321 606 4371 Bas
625 4321 734 4386 pensait
754 4335 807 4388 que
826 4322 958 4388 quelques
977 4322 1088 4375 souilles
1114 4323 1177 4375 bien
1197 4321 1315 4390 dirigees
1334 4339 1367 4374 en
1386 4324 1438 4390 (so.

302 4400 475 4456 deuretorum
502 4404 647 4471 eiusmodi)
672 4402 792 4456 leraient
818 4403 963 4459 dteouvrir
989 4405 1126 4462 d’eutres’.
1152 4407 1200 4475 (ef.
1227 4409 1264 4461 Le
1290 4411 1351 4477 Bas,
1372 4412 1439 4465 Asia

300 4487 364 4541 min.
384 4489 428 4542 111
446 4505 472 4557 p.
491 4487 545 4556 28.)
