3180 5178
599 497 809 559 ..19-

134 688 362 755 animaduertit
378 684 585 767 Ohishullus‚¹
609 707 680 750 cum
703 686 781 750 nihil
804 687 955 772 prodesse
977 694 1084 775 posset
1106 685 1268 772 Aphrodi-

129 795 298 860 siensibus.
322 792 459 857 Accedit
483 789 568 874 quod
589 787 741 856 ‘Antonio
765 810 876 857 euerso
902 792 1005 856 omnia
1028 792 1096 856 eius
1125 798 1197 856 acta
1219 813 1269 858 re·

130 901 231 966 scissa
247 893 353 979 sunt’,2
368 916 430 980 quo
448 895 533 958 facto
549 895 617 960 eius
632 893 768 976 epistula
786 915 912 981 quoque
930 894 1061 961 decreto
1080 897 1267 975 accessorio,

130 1003 218 1089 quod
253 999 366 1064 afferre
400 997 535 1062 eandem
569 997 610 1061 ob
644 1017 772 1061 oausam
805 1001 873 1064 ausi
905 1019 967 1064 non
1004 1006 1107 1082 erant,
1139 999 1267 1064 minime

133 1111 274 1190 excepto
298 1103 383 1166 omui
406 1107 439 1168 et
461 1103 649 1166 auctoritate
672 1107 704 1166 et
726 1103 759 1165 ui
781 1104 908 1187 priuata
930 1109 986 1168 est.

236 1208 385 1274 Ceterum
404 1206 538 1272 Veneris
563 1205 818 1291 Aphrodisiensis
841 1209 921 1294 asyli
944 1211 992 1274 ius
1016 1208 1144 1275 Tiberio
1168 1209 1267 1294 impe·

129 1320 224 1381 rante
247 1335 266 1378 a
289 1319 401 1377 senatu
418 1311 564 1376 Romano
584 1311 804 1376 confirmatum
827 1314 905 1378 etin
922 1319 1268 1395 posterumseruatum

129 1428 182 1486 est
205 1438 288 1483 anno
311 1437 342 1502 p.
366 1414 441 1480 Chr.
465 1437 495 1479 n.
520 1417 571 1480 22.

234 1524 285 1587 28.
309 1521 477 1604 Magnetes
504 1539 589 1584 anno
620 1541 651 1604 p.
684 1518 759 1584 Obr.
790 1543 821 1584 n.
844 1522 895 1586 22.
919 1520 960 1586 de
989 1522 1068 1608 asyli
1090 1523 1171 1605 iure,
1204 1543 1267 1606 quo

130 1626 289 1712 templum
316 1645 407 1690 suum
439 1623 562 1688 Dianae
592 1623 874 1708 Leucophryenae‚
909 1645 990 1709 quae
1022 1631 1164 1706 uocatur,
1199 1634 1267 1690 erat

131 1737 278 1798 ornatum
313 1729 354 1792 ad
384 1733 531 1793 senatum
561 1726 748 1792 referebant.
772 1726 948 1794 Auctorem
981 1729 1138 1813 priuilegii
1168 1730 1267 1794 fuisse

126 1838 273 1901 fatentur
299 1833 337 1897 L.
361 1831 544 1896 Cornelium
569 1831 763 1915 Scipionem,
794 1834 849 1916 qui
873 1833 1030 1898 Antiocho
1060 1833 1121 1900 ΠΙ.
1146 1833 1265 1917 Magno

127 1941 238 2004 fratris
274 1939 309 2001 P.
334 1936 489 2020 Scipionis
526 1935 643 1999 auxilio
675 1934 802 1999 deuicto
831 1935 1016 2020 Magnetum
1047 1937 1141 2003 fidem
1171 1942 1267 2021 atque

127 2045 282 2108 uirtutem
317 2041 377 2104 hoc
412 2040 482 2121 ipso
514 2038 599 2101 bello
631 2039 817 2122 praestitam
851 2040 905 2103 illo
938 2040 1032 2104 modo
1064 2040 1267 2106 omauisset.3

130 2146 225 2222 Quod
256 2144 382 2230 quidem
413 2141 532 2206 factum
557 2147 604 2205 eet
634 2141 719 2206 haud
743 2142 839 2207 dubie
862 2163 946 2209 anno
969 2163 997 2209 a.
1022 2143 1096 2208 Ohr.
1119 2146 1171 2209 uel
1196 2147 1266 2208 190.

127 2251 185 2315 uel
209 2251 293 2328 189.‚
328 2251 414 2310 certe
442 2252 514 2329 post
545 2246 709 2309 uictoriam
737 2245 777 2309 ab
800 2247 942 2311 exercitu
965 2247 1112 2312 Romano
1144 2249 1184 2312 de
1203 2248 1268 2312 An·

129 2353 232 2418 tiochi
254 2351 353 2436 copiis
375 2349 462 2436 apud
485 2349 682 2433 Magnesiam
706 2349 746 2412 ad
769 2349 913 2435 Sipylum
935 2359 1138 2436 reportatam.

235 2455 325 2520 Idem
359 2454 408 2517 ius
431 2452 542 2517 Tacito
577 2458 658 2518 teste
692 2452 798 2517 denuo
831 2454 1032 2519 confirmauit
1062 2455 1266 2540 Magnetibus

128 2561 169 2628 L.
195 2559 360 2624 Cornelius
384 2556 483 2639 Sulla,
518 2577 589 2621 oum
621 2561 746 2621 eentum
779 2557 846 2622 fere
877 2559 966 2622 aunis
998 2564 1070 2643 post
1101 2561 1133 2623 in
1156 2560 1266 2624 Asiam

127 2665 282 2745 uenisset,
314 2667 350 2726 ut
383 2683 496 2747 pacem
527 2668 734 2745 componeret
764 2683 835 2726 cum
868 2660 1049 2728 Mithridate
1079 2684 1155 2748 rege
1187 2663 1265 2746 (iam

127 2767 239 2854 pulso)
269 2765 411 2831 Dardani
444 2787 527 2829 anno
560 2787 588 2829 a.
618 2763 692 2830 Ohr.
724 2766 775 2830 84.
806 2765 1019 2850 Intellegendi
1050 2775 1158 2831 autem
1193 2775 1266 2832 sunt

128 2874 308 2956 Magnetes,
342 2871 395 2956 qui
429 2869 470 2934 ad
498 2870 705 2934 Maeandrum
737 2870 901 2947 sedebant,
935 2868 988 2934 ubi
1021 2870 1266 2955 pulcherrimum

126 2979 256 3042 Dianae
280 2974 340 3040 fuit
363 2975 514 3059 templum
530 2973 810 3059 Leucophryenae.
835 2973 929 3048 Quod
952 2973 1077 3058 quidem
1096 2974 1263 3040 delubrum

127 3080 259 3145 ἀσυλίαν
292 3079 433 3143 seruauit
467 3098 568 3162 usque
605 3076 643 3142 ad
678 3075 796 3141 Tiberii
829 3084 978 3159 aetatem,
1016 3098 1079 3163 quo
1118 3086 1264 3164 tempore

126 3190 260 3250 senatus
283 3182 371 3268 asylo
396 3182 500 3247 denuo
524 3182 684 3248 tribuebat
705 3182 905 3269 priuilegium
930 3183 1048 3248 uetus.⁴

235 3289 285 3352 33.
331 3286 382 3350 De
411 3284 519 3371 Nysae
551 3283 663 3350 (iuriae
698 3285 784 3350 urbis
819 3287 870 3349 uel
912 3287 979 3350 eius
1010 3286 1143 3352 uiciniae
1174 3289 1264 3376 asylo.

126 3394 262 3475 eiusque
291 3389 360 3453 iure
390 3388 544 3452 habemus
573 3388 724 3452 titulum⁵
755 3409 839 3452 anno
861 3411 898 3481 a.
922 3388 995 3454 Ohr.
1019 3413 1050 3456 n.
1083 3392 1184 3476 primo
1208 3394 1263 3457 tri-

124 3477 290 3560 buendum
315 3500 350 3556 ut
372 3492 511 3556 indicant
528 3491 619 3556 Sossi
635 3491 774 3556 Cornelii
789 3492 917 3557 Lentuli
933 3492 1023 3557 Lucii
1038 3493 1164 3560 Pisonis
1181 3517 1261 3563 coss.

124 3599 257 3664 nomina
279 3599 311 3660 in
334 3597 418 3662 tituli
441 3597 643 3680 praescriptis
666 3597 779 3681 posita.
804 3597 917 3670 Quoad
940 3596 1085 3661 concludi
1099 3603 1206 3682 potest
1221 3621 1262 3664 ex

120 3705 190 3768 fine
217 3701 302 3765 tituli
324 3700 409 3765 haud
438 3702 574 3785 integro,
598 3699 654 3766 On.
683 3700 810 3764 Lentuli
834 3700 974 3785 Auguris
997 3701 1094 3766 Asiae
1126 3724 1259 3787 procon-

121 3806 204 3872 sulis
227 3811 337 3869 secuta
360 3810 408 3868 est
431 3803 471 3867 de
494 3805 575 3890 asyli
597 3803 829 3888 Nysaeensium
857 3804 927 3868 iure
949 3804 989 3869 ab
1012 3827 1050 3870 eo
1075 3807 1260 3872 confirmato

122 3910 273 3995 epistula,
307 3929 400 3994 quam
437 3910 605 3994 scripserat
639 3915 675 3972 ut
712 3908 843 3973 uidetur
874 3911 1054 3994 proconsul,
1092 3917 1260 3996 postquam

229 4215 239 4249 ¹
258 4211 315 4264 uid.
334 4211 464 4273 Boseth,
483 4211 513 4266 G.
530 4211 553 4265 1.
573 4213 605 4265 G.
623 4212 652 4264 Il
670 4227 734 4280 pag.
752 4212 811 4266 495.

231 4299 242 4334 2
748 4305 750 4309 ,

229 4385 239 4420 ³
258 4299 356 4450 iabit..
376 4402 441 4438 ann.
459 4385 561 4440 11162.

228 4471 240 4506 ⁴
260 4471 358 4537 Tacit..
378 4489 439 4526 ann.
457 4473 502 4525 III
520 4472 554 4528 63
572 4474 600 4525 in
618 4472 682 4526 tine.

229 4559 239 4593 ⁶
258 4557 330 4612 0.1.
349 4558 381 4611 G.
400 4559 429 4611 II
446 4575 472 4610 n.
489 4557 567 4613 2943.
