3180 5178
598 491 811 554 „55-

143 677 330 743 uersabatur
353 675 657 741 Eleuthernaeorum
688 684 720 740 et
749 677 875 741 urbium
903 679 1087 764 uicinarum,
1114 690 1150 746 ut
1172 686 1270 770 suspi-

144 789 232 847 catur
263 779 507 862 Waddingtcn.¹
551 779 726 844 Antiochus
763 787 870 846 autem
899 783 1100 850 Cretensibus
1130 787 1194 850 iam
1233 810 1270 853 ec

143 886 232 967 fauit,
262 885 345 970 quod
376 884 518 964 Rhodiis,
551 884 684 948 inimicis
712 885 776 948 suis
806 891 837 950 et
864 886 1015 970 hostibus,
1044 890 1213 956 latrociniis
1241 899 1272 957 et

143 988 399 1074 praedationibus
430 1008 517 1052 mare
545 987 731 1052 infestantes
754 994 935 1054 constanter
963 992 1029 1056 fere
1053 992 1204 1058 damnum
1226 997 1274 1060 in·

143 1094 282 1157 tulerunt
305 1093 357 1156 uel
379 1091 476 1176 ipsius
499 1091 639 1175 Philippi
661 1091 713 1172 V„
736 1091 947 1157 Macedonum
971 1097 1065 1179 regis,
1088 1099 1271 1180 praesidio.2

144 1196 292 1261 Ceterum
307 1195 500 1260 Antiochum
515 1193 668 1278 Magnum
688 1196 807 1260 bellum
823 1197 975 1263 Romanis
993 1200 1155 1265 illaturum
1179 1210 1272 1267 antea

142 1301 181 1364 ad
204 1321 295 1384 reges
317 1301 510 1385 populosque
535 1299 655 1363 misisse
678 1300 802 1383 legatos
823 1308 955 1380 constat,
983 1309 1019 1366 ut
1041 1325 1096 1367 eos
1118 1305 1177 1369 sibi
1200 1329 1273 1371 con·

143 1406 263 1469 ciliaret
281 1404 515 1487 discordiasque
531 1404 612 1466 inter
633 1403 774 1487 singulas
790 1405 934 1469 ciuitates
949 1408 1123 1473 concitatas
1138 1410 1272 1493 sedaret,

142 1509 323 1592 priusquam
346 1512 530 1571 exoraretur
553 1506 672 1570 bellum
694 1508 726 1571 in
742 1507 904 1572 Romanos
920 1510 984 1572 iam
1007 1510 1127 1575 dudum
1143 1514 1273 1598 instans,

141 1612 221 1696 quod
252 1634 287 1676 rc
309 1627 386 1675 uera
407 1611 524 1675 factum
554 1616 602 1674 est
624 1631 707 1674 anno
731 1633 759 1675 a.
785 1611 858 1675 Chr.
885 1614 966 1692 192,
996 1621 1162 1698 postquam
1192 1640 1273 1703 quae

142 1737 181 1780 ex
204 1715 360 1780 Romanis
383 1714 520 1798 petierat
542 1735 598 1798 per
616 1715 736 1797 legatos
759 1715 1026 1799 Hegesianactem
1042 1724 1074 1781 et
1088 1717 1275 1802 Menippum

141 1820 217 1884 ahos
234 1820 309 1883 anni
329 1841 358 1883 a.
380 1818 454 1883 Chr.
482 1821 551 1882 193.
575 1840 650 1883 uere
674 1840 693 1881 a
717 1819 896 1884 Flaminino
919 1821 951 1884 in
974 1828 1085 1885 senatu
1116 1828 1148 1886 et
1177 1822 1273 1906 paulo

141 1930 210 2008 post
239 1925 271 1987 in
295 1922 446 1988 Antiochi
477 1923 575 2007 ipsius
598 1925 716 1998 castris,
750 1945 831 2008 quae
855 1924 976 2008 Ephesi
1005 1925 1146 1990 habebat
1169 1925 1272 1990 denuo

141 2028 306 2112 repudiata
329 2034 400 2091 sunt
422 2049 441 2090 a
463 2027 642 2091 Romanis.3
687 2027 792 2102 Quare
814 2029 1008 2112 permultum
1031 2030 1098 2092 eius
1120 2030 1273 2093 interesse

140 2131 258 2210 debuit,
291 2139 325 2195 ut
352 2131 508 2196 discordes
538 2131 703 2196 Cretenses
734 2152 860 2216 quoque
890 2133 971 2196 inter
1002 2153 1036 2196 se
1070 2134 1273 2216 coniungeret

143 2242 215 2299 ante
231 2235 262 2298 id
279 2235 410 2316 bellum,
429 2236 616 2318 praesertim
631 2257 702 2298 cum
718 2235 758 2298 ab
775 2237 812 2298 iis
827 2236 1006 2319 appellatus
1018 2257 1086 2300 esse
1101 2236 1275 2319 uideretur,

142 2347 176 2402 ut
207 2346 413 2424 componeret
444 2360 565 2424 pacem,
598 2338 681 2422 quod
715 2339 821 2421 colligi
852 2345 955 2423 potest
986 2361 1027 2403 cx
1057 2339 1274 2403 Rhauciorum

142 2443 292 2520 decret0‚⁴
315 2443 370 2506 ubi
392 2465 528 2508 unacum
543 2443 730 2528 Agesandro
746 2443 871 2507 Rhodio
895 2445 1037 2527 ipsorum
1057 2443 1272 2508 Rhauciorum

142 2548 243 2611 nescio
267 2548 320 2632 qui
343 2547 440 2631 legati
464 2547 502 2610 de
525 2549 605 2632 asyli
627 2548 694 2611 iure
714 2547 799 2610 Telis
821 2546 1022 2611 concedendo
1046 2546 1145 2610 uerba
1162 2546 1273 2611 fecisse

141 2649 286 2714 dicuntur
317 2651 349 2713 in
381 2651 524 2714 contione
552 2649 784 2730 Rhauciorum,
817 2650 856 2714 de
885 2649 998 2734 quibus
1027 2651 1141 2733 legatis
1174 2651 1274 2715 Wad-

142 2753 272 2837 dington
301 2753 383 2818 hanc
415 2756 548 2840 protulit
578 2755 778 2818 senteutiam:
815 2749 853 2817 ‘Il
884 2755 989 2838 parsit
1022 2754 1114 2839 qu'ils
1147 2755 1274 2818 avaient

141 2856 264 2943 envoye
287 2859 342 2923 des
364 2858 606 2924 ambassadeurs
636 2859 749 2942 auprds
772 2857 980 2928 d'Antiochus
1009 2865 1125 2941 etque
1149 2859 1274 2922 caux-ci

141 2962 268 3032 aralent
291 2963 380 3047 passe
403 2983 460 3046 par
483 2959 600 3026 Tdcs’.5

244 3064 330 3139 Quas
352 3066 480 3151 quidem
498 3067 678 3130 inimicitias
693 3065 819 3129 urbium
835 3065 958 3129 sedauit
981 3086 1037 3150 per
1053 3064 1274 3149 Agesandrum

141 3168 282 3250 legatum
305 3169 481 3234 Antiochus
503 3177 587 3234 certe
619 3175 693 3233 ante
718 3169 837 3233 bellum
865 3190 935 3232 cum
958 3168 1110 3233 Romanis
1139 3169 1200 3233 sibi
1221 3191 1276 3253 ge·

140 3272 282 3337 rendum.
329 3274 433 3348 Quare
464 3275 503 3338 ad
540 3296 658 3338 annum
687 3295 714 3337 a.
747 3272 821 3337 Chr.
848 3275 918 3338 193.
956 3272 1130 3337 referamus
1162 3273 1276 3338 Cretae

140 3377 265 3440 urbium
289 3376 415 3441 decreta
438 3378 495 3442 sub
518 3378 580 3442 III.
604 3383 799 3442 enumerata.

244 3479 307 3544 Sed
322 3486 449 3546 exstant
472 3489 637 3566 praeterea
659 3480 721 3544 alia
737 3480 934 3545 Cretensium
950 3481 1114 3544 ciuitatum
1137 3479 1274 3559 decreta,

140 3604 182 3646 ex
205 3590 296 3666 parte
310 3584 350 3647 ab
366 3583 478 3648 iisdem
493 3585 622 3649 urbibus
638 3583 790 3664 confecta,
814 3605 895 3668 quae
912 3590 1020 3647 tamen
1035 3583 1076 3646 ad
1091 3581 1275 3647 inferiorem

140 3687 299 3771 pertinent
321 3688 486 3754 aetatem.⁶
529 3688 698 3754 Nonnullis
722 3689 814 3772 onim¹
836 3689 926 3754 annis
949 3694 1022 3772 post
1045 3688 1181 3772 priorem
1204 3707 1276 3750 con-

242 3843 308 3897 ¹Ls
326 3846 397 3910 Bas,
415 3846 433 3897 l.
453 3861 475 3896 c.
495 3845 529 3896 ad
549 3861 573 3895 n.
592 3846 625 3898 71
644 3862 709 3914 pag.
728 3844 770 3898 36.

240 3932 251 3966 ²
271 3926 383 3982 Diodor.
404 3928 526 3983 XXVIII
545 3930 577 3982 ir.
599 3933 620 3983 1.

242 4018 253 4052 ³
270 4016 428 4076 Mommsen,
448 4020 515 4068 rbm.
534 4015 632 4070 Gesch.
652 4017 666 4069 I
683 4033 747 4084 pag.
768 4015 819 4070 738
837 4032 878 4084 sq.

243 4102 310 4153 ⁴Le
329 4103 401 4167 Bas,
420 4104 438 4154 l.
458 4119 480 4154 c.
499 4122 524 4155 n.
545 4102 580 4156 63
598 4105 644 4156 lin.
663 4102 681 4156 8
698 4120 738 4171 sq.

243 4188 308 4239 δ[ιθ
326 4189 397 4252 Bas,
416 4189 434 4240 l.
455 4205 477 4241 c.
498 4189 532 4240 ad
550 4208 577 4242 n.
595 4189 630 4244 63
647 4207 673 4259 p.
692 4189 735 4244 30.

245 4274 311 4327 6Ιιο
331 4277 401 4335 Bas,
426 4276 441 4326 l.
463 4292 486 4327 c.
504 4292 569 4343 pag.
588 4274 634 4328 28:
659 4272 758 4338 ‘Quant
783 4292 836 4328 aux
860 4272 967 4327 decreto
993 4271 1102 4334 arctois,
1127 4273 1183 4340 ily
1202 4288 1235 4322 en
1261 4287 1278 4322 a

29 4351 30 4362 ¹
142 4359 214 4413 deux
226 4359 312 4414 series
326 4361 483 4414 distinctas:
502 4363 530 4414 la
543 4359 677 4432 premiere
692 4367 730 4425 (n.
745 4359 858 4426 61-74)
878 4376 942 4412 sans
957 4359 1039 4411 doute
1054 4361 1277 4426 contemporales

29 4421 31 4516 l
142 4445 178 4498 du
192 4445 286 4499 decret
299 4450 344 4500 des
354 4448 499 4513 Romaion
512 4450 541 4500 la
550 4447 669 4502 seconde
679 4446 852 4517 posterieurs
863 4445 944 4500 d’unc
954 4443 1118 4514 generation
1128 4461 1162 4496 au
1175 4440 1279 4528 nmips',
1297 4507 1304 4522 .

29 4551 30 4574 ³
146 4534 182 4598 (u.
201 4531 323 4602 75-82.)
1231 4528 1272 4558 '⁸‘
1283 4528 1305 4555 ¹·
