3180 5178
586 505 797 566 ...25-

134 701 216 762 testis
239 704 288 761 est
311 695 444 760 titulus1
474 693 570 759 ualde
594 700 769 777 suspectus.
815 692 898 758 Nam
921 700 965 758 ut
995 693 1088 758 doeet
1109 690 1205 778 ‘'a'pog’,
1228 695 1260 758 iu

133 821 188 888 quo
211 801 344 866 incisum
368 806 417 864 est
439 799 613 881 decretum,
643 797 824 863 Trallenses
856 805 1037 864 statuerunt
1059 820 1168 864 mense
1190 821 1260 885 sep·

132 908 202 969 timo
237 907 309 969 anni
344 903 470 988 septimi
501 903 591 987 regni
627 903 816 968 Artaxerxis
854 903 917 969 III.
952 903 1033 968 Oehi
1063 904 1094 968 h.
1126 925 1152 968 e.
1178 910 1260 969 teste

132 1009 317 1074 Boeolrhio²
341 1030 448 1073 mense
465 1007 566 1092 Aprili
588 1006 641 1071 uel
657 1006 742 1070 Maio
765 1007 840 1070 anni
863 1030 891 1071 a.
909 1007 982 1073 Ohr.
1006 1031 1034 1072 n.
1059 1010 1131 1073 351.
1154 1005 1260 1093 ‘luera-

129 1113 195 1197 ρίην
228 1109 305 1176 εἶναι
337 1110 487 1176 Διονύσιοι
523 1112 660 1194 Βακχίωι
695 1117 749 1174 τῶι
786 1113 946 1194 berceolum,
981 1110 1081 1194 ἱκέτην
1119 1112 1166 1192 μή
1197 1110 1260 1176 ἄδι·

130 1215 220 1282 κεῖν’.3
264 1217 408 1302 Dionyso
438 1218 535 1300 igitur
557 1214 694 1280 Baeohio
717 1211 778 1278 ‘tait
802 1213 980 1298 rapsatur’l
1003 1239 1074 1281 esse
1099 1218 1179 1302 asyli
1201 1217 1261 1303 ius,

129 1325 225 1388 itaut
247 1321 421 1408 supplicem
451 1322 536 1386 iutra
567 1321 647 1385 fines
670 1342 735 1402 eos,
771 1320 886 1405 quibus
910 1321 1109 1386 contineatur·
1131 1320 1259 1401 τέμενος

129 1428 259 1513 Dionysi
283 1423 404 1509 ἄσυλον,
427 1426 540 1490 iniuria
563 1424 689 1489 affluere
712 1426 831 1489 nemini
854 1426 959 1491 lioeat.
992 1426 1126 1510 Asylum
1150 1435 1258 1492 autem

129 1531 182 1595 etsi
205 1552 268 1616 quo
292 1530 363 1595 loeo
379 1530 589 1595 Tralleusium
607 1531 695 1594 urbis
712 1536 866 1594 statutum
889 1531 928 1594 sit
943 1531 1129 1615 nesciamus,
1152 1538 1258 1595 tamen

129 1657 195 1699 aum
228 1635 370 1700 eiusdem
404 1634 490 1698 urbis
518 1634 639 1719 templo
671 1634 806 1718 Dionysi
836 1633 933 1698 fuisse
961 1635 1163 1700 coniunctum
1186 1657 1257 1720 pro-

130 1740 228 1803 babile
252 1745 310 1803 est.

223 1842 390 1908 Annorum
425 1849 531 1907 autem
570 1843 797 1926 digestionem,
840 1843 867 1907 si
913 1843 1063 1928 temporis
1100 1845 1259 1912 rationem

129 1953 249 2032 speetas
272 1947 304 2011 in
327 1955 437 2012 nostro
460 1947 551 2012 titulo
564 1948 716 2031 habitam,
738 1969 802 2012 non
825 1970 895 2012 esse
912 1968 1019 2012 ueram
1035 1949 1137 2033 prima
1153 1949 1257 2032 speeie

128 2053 279 2118 inuenies.
332 2051 414 2116 Nam
446 2051 594 2117 Idrieus5
628 2054 682 2135 qui
719 2052 832 2118 dieitur
868 2059 1012 2138 satrapes
1044 2074 1127 2118 anno
1163 2054 1256 2118 Arta·

43 2141 44 2144 Ἴ
124 2157 231 2220 xerxis
254 2157 317 2222 ΙΙΙ.
343 2155 421 2220 Oehi
453 2157 616 2240 regnantis
639 2158 774 2240 septimo
805 2155 946 2221 noudum
978 2165 1045 2221 erat
1069 2156 1183 2221 Cariae
1205 2180 1254 2223 sa·

126 2266 238 2344 trapes,
269 2259 325 2325 sed
349 2259 531 2344 Artemisia,
554 2260 621 2325 eius
645 2259 753 2327 uxor.6
798 2261 971 2326 Praeterea
1006 2263 1067 2326 iam
1092 2264 1133 2327 ob
1156 2263 1253 2326 totius

124 2363 237 2429 decreti
252 2364 423 2429 formulam
445 2364 604 2429 tribuendi
620 2365 702 2450 asyli
717 2365 793 2429 iuris
809 2365 895 2430 haud
912 2365 1061 2431 usitatam
1069 2366 1094 2448 ⁷,
1117 2366 1157 2430 de
1172 2366 1253 2430 falso

127 2468 259 2553 quodam
292 2475 325 2534 et
356 2468 500 2533 subiecto
533 2468 658 2535 decreto
691 2470 870 2551 cogitemus
900 2471 992 2534 nobis
1019 2471 1138 2554 lieebit,
1169 2470 1255 2554 quod

125 2575 247 2657 quidem
270 2575 382 2637 mirum
408 2595 471 2638 nou
497 2573 632 2641 uidetur.

225 2677 300 2742 Hoa
323 2677 453 2760 quidem
474 2699 532 2762 pro
564 2685 650 2742 oerto
675 2678 788 2743 haberi
818 2686 925 2762 potest
953 2679 1082 2743 titulum
1114 2685 1150 2743 ut
1172 2701 1257 2744 nune

122 2787 222 2846 exstat
245 2803 308 2846 non
341 2803 411 2846 esse
443 2782 571 2848 saeculo
595 2805 623 2848 a.
649 2781 721 2847 (ihr.
745 2805 775 2848 n.
799 2782 856 2848 IV.
882 2783 1063 2848 Artaxerxe
1094 2791 1250 2867 regnante

121 2887 329 2971 conscriptum
357 2892 487 2971 propter
510 2908 666 2951 annorum
690 2887 971 2971 perturbationem,
1000 2886 1056 2952 sed
1080 2887 1179 2952 multo
1203 2908 1251 2954 re-

121 2990 263 3056 centioris
288 3011 357 3054 esse
380 2991 503 3071 aetatis,
528 2991 602 3076 quia
624 2991 802 3056 litterarum
826 2991 948 3057 formae
971 2991 1010 3055 ad
1028 2991 1249 3057 Romanorum

120 3100 254 3158 aetatem
277 3101 433 3179 spectant.
477 3093 686 3158 Trullensium
711 3093 873 3159 decretum
897 3094 938 3158 ad
960 3096 1096 3181 primum
1120 3116 1151 3180 p.
1173 3095 1249 3163 Chr.

119 3219 146 3266 u.
168 3199 331 3264 saeoulum
354 3199 515 3283 pertinere
539 3199 614 3262 mihi
636 3199 774 3266 uidetur.

214 3301 367 3366 Fortasse
406 3301 587 3387 exemplum
626 3324 740 3368 uerum
779 3309 847 3368 erat
880 3305 1050 3386 amissum,
1084 3327 1145 3390 quo
1183 3306 1251 3369 fieri

117 3407 218 3489 potuit
241 3412 277 3470 ut
299 3405 479 3470 Trallenses
511 3427 552 3470 ex
582 3408 734 3472 memoria
752 3406 925 3472 “decretum
959 3409 1127 3473 restituere
1156 3430 1249 3475 aona·

116 3517 220 3574 rentur
252 3509 290 3572 iis
324 3511 540 3594 temporibus,
576 3511 689 3595 quibus
723 3511 799 3576 iussi
832 3518 924 3576 eraut
957 3512 1092 3577 Romam
1127 3514 1250 3595 legatos

118 3616 251 3692 mittere,
275 3620 310 3677 ut
333 3615 442 3698 templi
463 3614 597 3699 Dionysi
628 3616 708 3701 asyli
729 3616 779 3680 ius
801 3615 977 3680 niterentur
998 3622 1030 3682 et
1053 3616 1249 3682 demonstra·

115 3726 183 3783 rent
206 3719 363 3805 patribus.
387 3719 597 3785 Trullensium
622 3720 748 3805 quidem
772 3720 851 3804 asyli
875 3720 952 3786 iuris
974 3722 1162 3807 petitionem
1184 3743 1248 3786 non

118 3823 378 3889 commemorauit
402 3822 548 3904 Tacitum
570 3825 625 3889 sed
650 3825 674 3889 si
700 3825 826 3890 omuino
843 3825 997 3892 miserunt
1011 3827 1136 3910 legatos
1152 3831 1248 3910 atque

117 3967 320 3975 -n-———--.-—

215 4035 225 4070 1
244 4034 274 4086 G.
293 4036 314 4086 Ι.
335 4035 366 4087 G.
385 4035 414 4087 II
432 4053 459 4086 n.
477 4034 554 4088 2919.

211 4124 222 4159 2
241 4120 373 4186 Boeolrh,
392 4120 421 4174 9.
442 4121 462 4172 Ι.
483 4122 515 4174 G.
535 4120 564 4174 ΙΙ
583 4125 616 4174 sd
635 4139 662 4175 n.
680 4121 757 4176 2919.

211 4209 222 4243 ³
242 4207 273 4259 G.
290 4208 312 4260 Ι.
331 4207 363 4259 G.
382 4207 411 4260 Il
429 4223 456 4260 u.
473 4207 542 4263 2919
560 4209 608 4260 lin.
626 4207 643 4262 5
662 4225 720 4277 sqq.

207 4295 220 4331 ⁴
239 4293 281 4347 sio
298 4293 358 4345 siue
377 4295 435 4346 ulla
453 4296 584 4363 analogia
603 4298 752 4363 appellato.

211 4382 222 4416 ⁵
241 4379 273 4432 G.
291 4379 313 4432 L
332 4378 364 4432 G.
383 4381 413 4433 II
431 4396 457 4433 u.
476 4380 544 4435 2919
562 4383 609 4434 lin.
630 4381 704 4436 3,-4.

210 4467 222 4504 ⁶
241 4465 280 4518 of.
298 4465 378 4519 Diod.
397 4465 465 4520 XVI
481 4468 516 4522 Ab
534 4466 551 4537 ἕ
569 4470 593 4523 7.

213 4554 223 4588 '¹
248 4555 317 4606 noba
329 4568 371 4605 ox.
384 4569 424 4621 gr.
437 4559 494 4626 ὅρος
507 4585 538 4596 -
552 4554 615 4625 ispo}
627 4562 714 4619 ἄσυλος
725 4573 776 4626 pro
789 4563 891 4629 τέμενος
902 4556 966 4625 tells
977 4565 1028 4613 κτλ.
1038 4591 1072 4602 -
1084 4559 1248 4634 ἴκετηρίηνθ).
