3180 5178
597 497 808 571 „gq..

137 683 265 749 decreto
291 686 599 750 Halicarnassiorum
615 687 752 768 Augusti
769 689 967 771 imperatoris
983 690 1051 752 fere
1070 691 1267 773 temporibus

137 789 316 871 tribuendo,
340 790 515 854 secundum
548 792 631 874 quod
658 791 883 854 Halicarnassii
915 793 1113 856 caerimoniis
1144 792 1268 858 Dianae

137 894 303 976 Pergaeae
326 900 426 977 prope
452 894 711 959 Halicarnassum
735 897 844 958 urbem
874 896 1027 960 institutis
1056 897 1267 961 sacerdotium

135 996 304 1059 locandum
327 1018 382 1060 seu
402 997 600 1061 uendendum
617 998 878 1082 proposuerunt.l
915 998 1029 1084 Neque
1054 1000 1267 1083 spernendum

138 1101 213 1162 mihi
241 1100 379 1183 uidetur,
410 1102 496 1186 quod
519 1123 538 1165 a
561 1102 698 1165 Photi0²
730 1109 761 1166 et
782 1103 936 1185 integrius
959 1126 977 1166 a
1002 1103 1122 1168 Suida³
1142 1103 1267 1169 uerbis:

135 1201 164 1282 ‘q‘
188 1204 329 1285 Περγαιά
344 1201 499 1286 ’Ἀρτεμιξ
514 1211 700 1268 annotatum
717 1213 782 1269 est:
805 1201 957 1270 ιτάσσεται
981 1209 1108 1272 ἐπὶτῶν
1130 1204 1269 1288 α’γυρτῶν

25 1365 26 1368 ,
132 1311 181 1370 καὶ
204 1314 375 1390 πλανητῶν.
422 1304 506 1393 Παῤ
522 1306 591 1372 ὅσον
606 1307 625 1390 ἡ
641 1307 718 1386 dadg
741 1307 819 1390 αὐτή
843 1311 994 1390 νομίζεται
1017 1307 1197 1395 ἀγυρτεύειν
1218 1307 1267 1374 ἀεὶ

135 1418 181 1475 καὶ
205 1410 397 1489 πλανᾶσθαί,
423 1413 506 1497 qnod
532 1417 635 1475 ortum
659 1414 786 1477 uidetur
820 1437 838 1476 a
868 1415 1118 1479 mendicantibus
1149 1422 1181 1478 et
1211 1435 1268 1498 per

134 1517 228 1581 urbes
252 1517 462 1601 ciuitatesque
486 1517 676 1599 uagantibus
702 1517 825 1581 Dianae
848 1520 1011 1601 Pergaeae
1038 1518 1267 1584 sacerdotibus.

25 1697 26 1702 η
196 1636 201 1641 ·
238 1620 386 1704 Denique
409 1641 480 1682 cum
505 1619 584 1684 deae
601 1622 765 1704 Pergaeae
788 1623 876 1685 cultu
898 1624 1115 1708 religioneque
1132 1645 1151 1687 a
1167 1643 1270 1686 saeer-

138 1723 264 1787 dotibus
287 1724 346 1787 illis
371 1723 623 1788 mendicantibus
654 1733 780 1790 seruata
812 1726 879 1790 dice
900 1727 971 1790 festi
1003 1728 1136 1813 ludique
1171 1727 1269 1792 annui

25 1837 26 1894 l
137 1835 228 1890 erant
252 1827 434 1892 coniuncta

25 1939 26 1946 ’
240 1933 330 2008 Quae
354 1953 424 1994 cum
447 1932 492 1994 ita
514 1932 632 1996 fuerint
655 1933 750 1996 ualde
773 1934 884 1998 mirum
918 1935 1010 1999 uobis
1041 1934 1169 1999 uidetur
1191 1934 1268 1997 Per-

132 2057 287 2120 gaeorum
313 2036 402 2098 deam
419 2035 654 2100 celeberrimam
672 2039 804 2122 eiusque
821 2038 975 2121 templum
997 2059 1059 2102 non
1083 2038 1144 2101 iam
1161 2040 1266 2122 priore

134 2147 240 2203 aetate
264 2139 353 2224 asylo
378 2140 508 2223 eiusque
532 2141 598 2204 iure
622 2138 720 2203 fuisse
744 2146 899 2222 ornatum,
923 2162 1016 2226 quarn
1047 2141 1120 2204 inde
1143 2162 1162 2205 a
1185 2142 1265 2207 Gor·

134 2244 219 2307 diani
243 2245 452 2325 temporibus.
499 2243 595 2328 Apud
619 2265 724 2308 rerum
748 2245 915 2329 scriptores
947 2245 986 2308 de
1017 2247 1106 2330 asylo
1130 2246 1268 2329 quodam

136 2346 312 2412 Artemidis
335 2347 500 2431 Pergaeac
522 2368 679 2432 nusquam
702 2349 819 2412 mentio
843 2349 927 2412 facta
951 2355 1010 2414 est.

620 2555 660 2618 ad
684 2579 713 2622 u.
738 2560 789 2620 38.

531 2711 675 2776 ASYLA
700 2711 878 2779 MYSIAE.

239 2871 390 2952 Pergami
413 2869 619 2933 inueniuntur
642 2868 704 2934 duc
727 2870 825 2954 asyla,
849 2890 981 2953 quorum
1003 2868 1139 2932 alterum
1163 2887 1204 2931 cx
1227 2865 1268 2930 ti-

135 2975 203 3038 tulo
221 2973 360 3058 quodam
378 2974 613 3058 comprobatur,
630 2973 764 3037 alterurn
781 2974 820 3036 ab
836 2992 898 3036 uuo
917 2971 1028 3037 Tacito
1046 2970 1198 3034 traditum
1212 2976 1268 3034 est.

240 3079 332 3142 Prius
355 3079 476 3163 asylum
500 3084 560 3156 cst,
585 3076 722 3159 τέμ[ενος
749 3083 807 3153 τᾶς
834 3073 991 3159 Ἀθα]νᾶς
1012 3082 1068 3150 τᾶς
1092 3070 1270 3158 Νικαφόρου

134 3181 170 3246 ro*
202 3185 271 3246 ποτὶ
301 3180 473 3267 Περγάμωι
502 3179 676 3264 dovlc[r]'.⁵
720 3179 877 3244 Eumenes
902 3180 983 3243 enim
1013 3179 1068 3260 IL,
1099 3179 1270 3261 Pergama·

135 3306 247 3348 norum
265 3306 332 3368 rex,
355 3285 421 3350 dies
437 3285 536 3348 festos
552 3283 700 3347 ludorum
721 3284 827 3346 denuc
844 3283 981 3348 instituit
1005 3287 1036 3345 et
1059 3281 1099 3346 ad
1116 3283 1270 3345 maiorem

135 3389 265 3452 uocauit
289 3388 490 3473 splendorem
515 3388 847 3471 magnificentiamque
871 3387 1078 3450 inhonorem
1096 3385 1270 3466 Mineruae,

138 3494 189 3556 cui
224 3499 274 3556 est
306 3513 421 3556 noman
456 3488 678 3575 ‘Nicephoros’.
745 3490 937 3574 Nicephoria
970 3492 1068 3553 instar
1099 3494 1131 3553 et
1161 3487 1270 3572 Olym·

138 3598 262 3680 piorum
296 3604 327 3660 et
350 3597 540 3682 Pythiorum
577 3596 721 3659 instituta
747 3617 816 3658 esse
844 3594 1003 3674 uidentur,
1031 3592 1072 3656 ad
1096 3613 1179 3673 quae
1202 3612 1271 3675 pro-

138 3700 244 3764 banda
267 3701 349 3763 misit
372 3698 521 3783 θεωρούς,
553 3700 606 3784 qui
633 3699 725 3763 ludos
752 3701 934 3762 nuntiarent
963 3696 1092 3762 Graecis
1128 3695 1272 3759 omnibus

138 3824 257 3888 eosque
280 3803 459 3887 inuitarent,
484 3811 518 3866 ut
542 3805 638 3868 sacris
660 3804 812 3868 faciendis
836 3803 984 3866 adessent
1006 3802 1085 3865 etin
1111 3798 1272 3864 celebran-

142 3907 256 3970 dorum
285 3906 429 3996 ludorun*
456 3914 563 3991 partes
594 3907 753 3984 uenirent3
791 3905 887 3969 iidem
918 3903 1033 3984 θεωροί
1054 3923 1117 3966 uuo
1146 3901 1273 3966 eodem-

180 4171 183 4180 ·
241 4117 250 4150 ¹
269 4115 321 4167 uid.
343 4117 469 4178 Boeclrh.‚
489 4115 519 4168 0.
537 4115 559 4167 Ι.
579 4116 610 4168 G.
631 4115 659 4168 ΙΙ
672 4132 697 4181 p.
717 4115 776 4169 454.

241 4202 251 4234 ²
271 4202 311 4252 ed.
332 4201 432 4254 Nabar.
452 4203 506 4254 uol.
527 4202 541 4253 I
558 4217 620 4267 pag.
640 4201 690 4255 265
708 4197 848 4268 *Ἅρτεμιςὶ

242 4285 251 4319 ⁸
272 4287 314 4338 ed.
334 4287 472 4339 Gaisford.
492 4288 546 4339 uol.
567 4287 580 4338 I
599 4304 625 4353 p.
647 4287 721 4342 1679.

240 4379 249 4411 ⁴
269 4373 358 4426 Strab,
380 4373 448 4425 XIV
465 4375 491 4439 4,
509 4372 526 4425 2
544 4390 608 4440 pag.
628 4373 649 4425 C
666 4373 726 4427 667.

245 4462 254 4494 ⁵
273 4459 334 4511 uid:
353 4461 473 4513 Bullatin
488 4459 522 4511 de
535 4459 773 4528 correspondanee
786 4457 943 4530 hellenique
953 4458 995 4511 VI
1009 4452 1162 4528 cinquidme
1178 4450 1273 4510 eunde.

133 4548 196 4616 juin
217 4547 280 4600 1881
300 4564 363 4616 pag.
383 4545 523 4602 372—383
541 4547 587 4600 lin.
607 4545 715 4602 17-18.
