3180 5178
781 493 992 556 ..54-

427 684 644 749 Athamanum
667 688 773 747 autem
796 688 828 747 at
847 666 1045 767 Delphorum
1068 682 1154 746 urbis
1171 682 1298 747 decreta
1313 684 1352 747 ad
1369 684 1460 749 idem

321 811 438 856 annum
462 790 619 873 portinere
641 787 706 851 iam
729 808 770 851 ex
791 808 829 852 eo
845 795 988 872 apparet,
1012 786 1094 873 quod
1110 787 1151 851 ad
1166 788 1222 851 hos
1237 795 1301 852 tres
1317 791 1458 873 populos

320 895 418 960 iidem
440 894 637 958 aduenerant
652 892 804 956 Teiorum
826 893 925 976 legati
940 891 1145 976 Pythagoras
1169 899 1200 956 ct
1224 891 1335 958 oritus.
1360 893 1459 958 Certe

320 999 447 1085 quidem
484 997 544 1062 hoc
580 995 782 1060 statuendum
817 1001 864 1060 est
897 996 1166 1061 confirmationem
1197 995 1347 1061 Teiorum
1377 999 1458 1063 iuris

321 1103 401 1188 asyli
429 1103 470 1166 ab
499 1102 547 1166 his
570 1100 670 1165 tribus
698 1100 831 1184 populis,
865 1100 998 1184 Aetolis,
1025 1098 1268 1181 Athamanibus‚
1298 1101 1456 1186 Delphiis,

321 1207 429 1271 datam
463 1227 531 1270 esse
553 1211 628 1269 ante
652 1224 769 1268 annum
797 1225 826 1269 a.
850 1202 924 1270 chr.
952 1226 983 1268 n.
1014 1206 1095 1285 192,
1123 1207 1305 1290 priusquam
1335 1205 1459 1270 bellum

320 1316 467 1376 exortum
491 1316 573 1374 esset
596 1316 628 1374 et
650 1310 731 1373 inter
746 1309 909 1374 Romanos
932 1314 964 1372 et
978 1306 1181 1389 Antiochum,
1207 1309 1319 1393 Syriae
1335 1330 1458 1392 regem.

320 1413 417 1479 Ouius
440 1413 480 1478 ad
504 1420 610 1496 partes
633 1434 704 1477 cum
728 1411 922 1477 transiissent
937 1409 1135 1477 Athamanes
1157 1418 1189 1476 et
1210 1411 1320 1477 Aetoli
1334 1413 1457 1478 Roma-

319 1540 432 1583 norum
453 1518 529 1583 facti
551 1523 624 1582 sunt
646 1516 769 1598 hostes3
793 1517 900 1600 itaque
923 1536 979 1600 per
1002 1521 1104 1579 totum
1126 1516 1203 1580 belli
1225 1516 1311 1581 illius
1327 1523 1456 1602 tempus

319 1642 359 1686 eo
381 1622 450 1706 ipso
475 1623 579 1686 omnia
602 1621 688 1707 pacis
710 1641 806 1706 opera
829 1618 933 1702 (uelut
956 1621 1036 1706 asyli
1059 1621 1106 1684 ius
1128 1621 1214 1685 Teiis
1237 1620 1455 1705 tribuendum)

320 1727 531 1793 abhorrebant
554 1727 595 1790 ab
617 1724 739 1790 Aetolis
761 1731 857 1809 atquo
877 1725 918 1788 ab
941 1723 1184 1806 Athamanibus‚
1208 1726 1284 1789 belli
1307 1722 1457 1810 periculis

320 1832 460 1896 maxime
482 1830 651 1915 implicitis.
698 1830 801 1904 Quam
824 1829 865 1892 ob
889 1849 956 1892 rem
979 1828 1143 1893 decretum
1165 1829 1243 1893 illud
1266 1829 1457 1894 Aetolorum

322 1937 406 1999 intra
429 1956 527 1999 annos
553 1936 623 1997 192.
647 1939 679 1997 et
703 1935 772 1996 189.
804 1933 873 1996 ficri
896 1953 960 1996 non
990 1933 1128 2016 potuisse
1160 1932 1254 1996 ualde
1283 1933 1457 2016 probabilis

319 2045 367 2104 est
389 2039 584 2116 coniectura3
608 2036 693 2101 idem
708 2036 747 2100 de
763 2034 982 2100 Athamanum
997 2036 1160 2100 decretum
1177 2043 1224 2100 est
1240 2037 1454 2104 statuendum.

321 2142 383 2208 Sed
407 2142 534 2206 decreta
556 2147 665 2205 nostra
687 2141 860 2225 posteriore
890 2141 973 2204 facta
1003 2162 1070 2204 csse
1100 2162 1183 2204 anno
1207 2162 1303 2224 quam
1326 2163 1352 2203 a.
1379 2140 1454 2206 Chr.
1562 2219 1565 2224 Ι

223 2254 226 2259 ’
322 2249 393 2312 189.
416 2246 544 2309 minime
567 2246 693 2329 probari
716 2267 807 2331 posse
838 2245 972 2323 uidetur,
1007 2246 1081 2329 quia
1103 2243 1210 2309 Aetoli
1241 2251 1308 2309 tum
1341 2247 1456 2310 aetatis

319 2371 382 2434 qua
415 2350 596 2414 tribuebant
619 2350 702 2414 Telis
735 2350 817 2436 asyli
851 2351 1052 2434 priuilegium
1087 2370 1210 2413 summa
1243 2356 1334 2413 erant
1367 2349 1455 2432 apud

320 2454 460 2518 Graecos
493 2455 689 2535 auctoritate,
725 2454 810 2539 quod
843 2454 949 2537 colligi
982 2475 1072 2538 posse
1108 2459 1256 2538 putamus
1286 2475 1328 2517 ex
1360 2453 1456 2517 totius

320 2557 510 2622 Aetolorum
534 2558 652 2622 decreti
674 2579 817 2622 sermone
841 2563 935 2642 atquc
959 2557 1104 2621 dictione.
1128 2556 1219 2620 Idem
1244 2556 1284 2620 de
1301 2556 1457 2620 Athama-

318 2662 411 2726 nibus
433 2683 603 2746 eorumque
626 2662 752 2725 decreto
774 2661 870 2740 ualet,
900 2661 953 2746 qui
984 2661 1058 2724 inde
1081 2660 1121 2723 ab
1153 2681 1236 2724 anno
1258 2661 1329 2724 208.
1353 2681 1455 2744 usque

318 2765 359 2828 ad
393 2787 512 2828 annum
544 2766 613 2829 192.
648 2763 856 2849 Amynandro
885 2785 960 2848 rega
992 2765 1160 2829 florebant.
1206 2763 1324 2838 Quodsi
1357 2764 1456 2846 igitur

320 2867 543 2951 Waddington
573 2869 796 2932 Alexandrum
821 2867 1031 2954 Calydonium
1055 2867 1242 2933 Aetolorum
1273 2868 1347 2931 fecit
1370 2868 1457 2952 prin·

319 2972 422 3056 cipem
449 2972 503 3035 uel
530 2978 708 3056 praetorem
731 2973 806 3037 anni
836 2973 909 3037 inde
939 2974 979 3038 ab
1007 2978 1158 3036 autumno
1185 2972 1255 3036 194.
1286 2992 1385 3056 usque
1412 2971 1455 3035 ad

318 3076 403 3140 idam
426 3082 550 3161 tempus
573 3077 646 3139 amri
673 3078 754 3157 193.‚
777 3098 844 3140 rem
872 3083 957 3140 recte
980 3077 1167 3160 exposuisse
1189 3076 1326 3140 uidetur.
1350 3076 1456 3150 Quare

321 3179 425 3244 eidem
440 3201 523 3244 anno
540 3183 607 3245 193.
623 3180 814 3245 Aetolorum
830 3180 1047 3245 Athamanum
1066 3180 1275 3264 Delphiorum
1287 3179 1456 3244 tribuenda

318 3290 391 3348 sunt
414 3283 549 3360 decreta,
572 3285 721 3367 quoniam
736 3284 883 3349 Teiorum
906 3285 1005 3368 legati
1027 3284 1125 3348 iidem
1146 3284 1273 3347 fuerant
1288 3290 1320 3347 et
1335 3283 1455 3368 Pytha-

319 3407 412 3470 goras
435 3393 467 3451 et
490 3386 601 3470 Clitus,
624 3389 678 3472 qui
701 3389 829 3472 quidem
850 3388 1017 3471 legationis
1033 3409 1164 3452 munere
1179 3408 1241 3452 uno
1257 3393 1366 3452 tenore
1381 3392 1455 3451 sunt

325 3490 492 3576 perfuncti.

407 3595 490 3659 Item
512 3595 616 3661 facere
639 3617 703 3660 non
725 3618 899 3681 possumus,
922 3597 998 3681 quin
1021 3598 1117 3662 etiam
1139 3597 1329 3680 Apollodoti
1344 3601 1376 3661 et
1393 3595 1454 3660 Oo-

319 3699 405 3763 lotac
436 3700 478 3763 ad
506 3698 619 3764 Oratae
650 3701 796 3765 ciuitates
823 3702 1016 3785 legationem
1045 3702 1219 3766 referamus
1248 3702 1288 3765 ad
1318 3699 1454 3765 eundem

319 3824 447 3885 annum,
470 3824 605 3887 quocum
626 3805 714 3868 nulla
736 3805 762 3869 si
785 3804 861 3890 quid
882 3804 976 3868 uideo
998 3815 1120 3888 pugnat
1142 3827 1200 3869 res.
1245 3805 1348 3868 Immo
1372 3825 1454 3888 quae

319 3926 361 3969 ex
376 3906 509 3970 decretis
521 3906 595 3990 ipsis
608 3908 801 3992 colliguntur
812 3909 929 3993 optime
945 3909 1095 3992 coniungi
1110 3914 1240 3993 possunt
1255 3929 1325 3973 cum
1341 3906 1454 3972 codem

318 4029 410 4073 anno.
454 4007 539 4073 Nam
571 4010 604 4074 in
634 4010 940 4076 Eleuthemaeorum
972 4011 1099 4076 decreto
1135 4011 1256 4075 mentio
1288 4011 1373 4074 facta
1406 4015 1454 4073 est

318 4110 507 4195 Agesandri,
533 4111 681 4178 Euoratis
704 4115 770 4196 filii,
792 4113 921 4193 Rhodii,
951 4135 1045 4199 quem
1067 4115 1210 4198 legatum
1236 4115 1365 4179 miserat
1387 4111 1456 4176 An-

319 4215 440 4280 tiochus
462 4215 535 4297 HL,
563 4216 675 4302 Syriae
697 4239 765 4300 rex,
788 4225 824 4282 ut
845 4219 970 4283 sedaret
992 4218 1112 4282 bellum
1144 4239 1164 4281 a
1185 4217 1299 4286 Oratae
1321 4218 1454 4284 urbibus

318 4321 400 4385 inter
422 4342 455 4386 se
477 4320 627 4405 gastum.¹
670 4321 797 4386 Bellum
819 4322 898 4385 illud
920 4323 988 4386 sine
1010 4322 1106 4387 dubio
1129 4323 1162 4386 in
1184 4321 1262 4386 rixis
1284 4323 1455 4406 litibusque

320 4459 525 4470 ..ι-

423 4544 489 4596 ¹120
508 4546 578 4607 Bas„
597 4545 615 4598 l.
634 4561 656 4599 c.
675 4561 702 4600 n.
721 4547 753 4599 'll
772 4546 819 4601 lin.
840 4547 872 4599 15
890 4561 929 4614 sq.
