3180 5178
762 449 972 510 ...¹14-

297 638 362 701 lum
385 637 558 702 Teniornm
582 635 741 722 Neptuno,
766 636 818 721 qui
842 637 920 700 deus
946 638 1014 721 ipse
1038 646 1106 702 erat
1131 647 1279 722 patronus
1303 641 1426 705 aoncilii

301 741 582 828 Amphictyonum,
614 740 666 825 qui
699 740 787 804 Tene
820 741 850 802 in
883 741 985 805 insula
1018 742 1198 806 habuerunt
1230 742 1337 807 sedem
1365 745 1429 808 iam

298 847 409 934 peinais
424 845 621 930 temporibus
644 850 676 908 et
694 843 880 928 Neptunum
896 845 1031 908 Teniam
1054 854 1216 932 tamquam
1231 847 1324 911 deum
1346 869 1430 911 eom·

300 971 426 1014 munem
462 947 598 1012 laederis
630 950 680 1014 sui
715 949 899 1029 uoluerunt,
931 973 994 1036 quo
1029 950 1159 1015 foedere
1193 973 1301 1016 ornnes
1336 953 1429 1015 maris

301 1054 421 1136 Aegaei
453 1053 573 1116 insulae
603 1054 725 1117 ionicae
749 1053 876 1138 quidem
909 1055 1012 1140 stirpis
1044 1055 1325 1138 coniungebantnr.
1377 1057 1429 1120 De

300 1157 379 1221 'leni
403 1157 526 1221 insulae
549 1164 580 1219 et
603 1157 683 1220 urbe
706 1168 737 1221 et
761 1159 879 1242 temple
905 1159 983 1222 haee
1010 1158 1106 1222 tradit
1130 1158 1282 1224 Strubel:
1316 1159 1429 1240 ‘Tang

300 1259 334 1324 δὲ
356 1258 442 1324 πόλιν
463 1260 521 1340 μὲν
541 1258 576 1324 ου’
599 1261 740 1344 μεγάλην
758 1260 828 1344 ἔχει,
854 1261 887 1325 τό
911 1261 937 1326 al’
959 1261 1043 1345 ἱερὸν
1066 1269 1123 1326 τοῦ
1138 1263 1337 1340 Ποσειδῶνος
1351 1263 1431 1346 μέγα

300 1368 331 1430 ἐν
352 1362 437 1429 ἄλσει
460 1370 515 1443 τῆς
544 1361 656 1440 πόλεως
680 1363 741 1447 ἔξω,
772 1365 847 1443 θέας
869 1363 1024 1442 littora
1047 1361 1070 1456 ql
1104 1369 1154 1429 nal
1176 1365 1351 1450 ἑστιατόρια
1375 1393 1429 1431 ηε-

301 1469 421 1552 ποίηται
452 1467 582 1550 μεγάλα,
613 1478 743 1553 σημεῖον
775 1477 830 1534 τοῦ
860 1470 1063 1553 συνέρχεσθαι
1095 1476 1215 1553 πλῆθος
1239 1470 1340 1534 ἱκανόν
1368 1477 1429 1534 τῶν
1520 1549 1524 1556 ¹

300 1571 497 1637 συνθυόντων
527 1570 631 1649 αὐτοῖς
661 1571 881 1656 ἀστυγειτόνων
911 1573 948 1638 tal
980 1571 1195 1656 Horraaler'raa',
1227 1596 1308 1659 quae
1331 1575 1431 1639 uerba

301 1679 419 1761 optime
443 1676 551 1742 referri
574 1685 706 1762 possunt
729 1679 768 1741 ad
792 1700 881 1743 saera
910 1679 1088 1743 eommunia
1111 1680 1150 1741 ab
1182 1678 1328 1742 omnibus
1355 1681 1433 1743 eiui·

301 1782 418 1846 tatibus
433 1782 617 1868 insulisque,
641 1802 723 1867 quae
742 1782 782 1846 ad
800 1783 1070 1868 Amphictyonum
1087 1791 1280 1847 conuentum
1297 1785 1432 1869 pertine·

302 1886 387 1970 bant,
410 1886 494 1951 laete
511 1886 623 1951 diebus
637 1887 698 1950 illis
718 1887 817 1967 festis,
841 1889 954 1972 quibus
971 1886 1163 1952 Ποσειδώνιοι
1179 1908 1259 1973 quae
1276 1896 1432 1953 uocantur

301 1989 381 2054 Teni
413 1992 666 2058 celebrabantur.
719 1990 805 2055 Huie
834 1992 929 2074 igitur
960 1991 1092 2055 delubro
1123 1993 1282 2056 communi
1313 1993 1431 2057 oraculi

300 2095 457 2178 Apollinis
493 2096 672 2160 testimonio
706 2094 835 2160 ἀσυλίαν
867 2097 925 2160 sibi
960 2096 1122 2160 uindicare
1156 2105 1310 2160 conantur
1340 2097 1431 2161 Tenii

301 2199 386 2284 apud
410 2205 555 2263 senatum
579 2221 660 2264 anno
684 2221 713 2283 p.
738 2199 814 2264 Ohr.
839 2222 868 2267 n.
893 2202 944 2265 22.

405 2304 512 2378 Quare
534 2303 676 2387 Neptuni
700 2303 822 2388 asylum
845 2303 926 2368 'l'eni
953 2310 1105 2368 statutum
1128 2305 1190 2366 iam
1214 2305 1322 2388 priscis
1352 2312 1433 2368 tem-

300 2409 430 2493 poribus
459 2410 604 2473 floruisse
628 2409 844 2486 statuendum,
874 2409 988 2493 quibus
1017 2409 1120 2492 uiguit
1150 2409 1270 2474 Teniae
1300 2411 1433 2492 Ampbi-

302 2514 449 2600 etyoniae
464 2514 548 2598 apud
565 2515 683 2578 iouieas
693 2515 815 2597 Aegaei
832 2515 926 2577 maris
942 2514 1062 2577 insulas
1077 2515 1126 2576 uis
1142 2520 1236 2597 atque
1251 2514 1432 2596 auctoritas,

301 2639 384 2702 quae
401 2616 503 2681 Deliei
525 2616 715 2701 populorum
731 2618 970 2702 insularumque
986 2623 1163 2680 conuentus
1186 2616 1337 2701 potestati
1356 2636 1432 2680 mox

301 2721 415 2799 cessit;
440 2722 684 2807 Amphictyonia
697 2728 803 2784 autem
819 2721 932 2784 Deliea
948 2743 1075 2806 prorsus
1096 2721 1215 2785 Teniae
1231 2742 1314 2805 quae
1338 2727 1433 2784 autea

300 2825 359 2889 luit
382 2825 525 2910 expleuit
549 2827 664 2891 munia.

404 2929 494 3015 Asyli
528 2930 576 2993 ius
611 2930 720 3013 templi
755 2928 894 3012 Neptuni
929 2929 1033 2994 denuo
1068 2929 1266 2993 confirmauit
1302 2938 1432 2993 senatus

301 3033 407 3098 Teniis
432 3054 513 3097 anno
538 3054 570 3117 p.
595 3032 668 3098 Chr.
692 3054 722 3096 n.
747 3032 819 3096 22.2

629 3155 669 3219 ad
693 3177 723 3221 n.
748 3156 799 3219 52.
824 3155 875 3222 53.
900 3157 952 3221 54.
977 3157 1037 3221 55..
1053 3157 1093 3218 56

636 3259 676 3323 ef.
700 3281 728 3323 n.
754 3262 804 3324 16.
850 3261 879 3322 5.
904 3261 955 3323 21.
978 3262 1031 3324 23.
1056 3262 1107 3323 21.

784 3449 823 3512 ad
847 3471 877 3516 n.
902 3452 952 3514 57.

632 3605 814 3671 ASYLUM
838 3605 1096 3672 MNSSENIAE.

404 3744 571 3810 Andaniae
587 3747 672 3809 urbis
689 3745 811 3832 asylum
832 3766 997 3810 seruorum
1013 3745 1192 3829 perfugium
1209 3754 1305 3810 estet
1322 3767 1434 3811 eorum

301 3850 428 3934 quidem
451 3849 614 3934 imprimis,
639 3850 692 3935 qui
716 3850 861 3914 habitant
884 3848 1051 3913 Andaniae
1074 3849 1105 3912 in
1132 3851 1219 3914 urbe.
1273 3849 1434 3914 Certiores

303 3954 341 4018 de
365 3975 402 4018 eo
418 3975 526 4018 sumus
550 3954 623 4018 faeti
639 3953 753 4019 titulo3
775 3955 829 4019 illo
847 3954 1053 4040 satisamp10‚
1076 3954 1107 4017 in
1132 3975 1195 4039 quo
1220 3953 1258 4018 de
1276 3954 1433 4039 mysteriis

405 4163 525 4216 κειται).
545 4160 689 4229 nasu
709 4147 852 4230 aeusi.

405 4251 415 4286 ¹
434 4251 530 4314 Tacit,
549 4267 611 4303 ann.
631 4251 674 4304 III
692 4249 726 4303 63
743 4251 772 4302 in
791 4248 853 4302 fine.

408 4337 473 4390 ³110
493 4337 546 4388 Bas
565 4345 592 4390 et
612 4337 812 4406 Waddingtom
830 4352 892 4404 roy.
912 4339 984 4388 areb.
1001 4331 1153 4401 ‘Megaride
1175 4339 1202 4388 et
1221 4330 1434 4402 Peloponnbse¹3

303 4424 471 4491 explication
499 4424 548 4476 des
576 4423 751 4492 inseriptions
778 4438 911 4493 greeques
943 4430 970 4475 et
999 4423 1097 4474 latinas
1125 4429 1235 4474 eta...
1269 4420 1309 4472 11⁶
1331 4421 1435 4484 partie:

304 4507 444 4577 Megaride
464 4515 490 4563 et
503 4508 693 4578 Peloponneso
712 4525 761 4578 par
780 4510 849 4562 Paul
865 4509 993 4563 Foueert.
1012 4525 1075 4576 pag.
1095 4506 1143 4561 161
1163 4523 1223 4575 sqq.
1242 4524 1269 4560 n.
1288 4504 1352 4559 326·
1370 4503 1386 4572 6
1403 4505 1435 4561 16
