3180 5178
616 499 652 512 ..-
699 463 822 562 45...

140 657 262 723 dicatur
285 656 421 722 nummis
443 653 561 740 Ephesi
594 655 679 719 urbis
701 655 919 740 imperatoriis,
950 675 1082 741 quorum
1105 653 1279 721 Domitiani
1382 721 1384 732 ,

141 783 288 828 nummus
319 760 375 842 (ad
399 781 497 824 annos
524 783 555 845 p.
579 759 654 826 (lbr.
678 782 709 824 n.
735 761 803 823 81-
822 762 872 825 96.
906 757 1080 845 pertinens)
1111 761 1279 825 lectionem

141 865 271 930 exhibet
294 863 392 927 hanc:
423 857 606 926 ἸΕΡΕΥΣ
623 859 659 924 Α
666 861 726 926 YP.
750 863 793 923 M
796 860 822 925 0
830 861 1052 928 ΥΣΟΝΙΟΣ.
1068 860 1278 926 ΑΣΥΛΟΥ.

132 964 425 1033 ΑΡΤΕΜΙΛΟΣ.
464 961 729 1041 abumarum
772 966 941 1048 Otaciliae,
975 967 1114 1051 Philippi
1146 968 1276 1031 senioris

140 1075 261 1154 uxoris,
291 1092 438 1135 nummus
467 1067 523 1154 (ad
553 1091 651 1133 annos
683 1091 713 1153 p.
739 1069 812 1134 Ohr.
840 1093 871 1134 n.
903 1072 1084 1136 ars-249.
1117 1069 1277 1154 spectans)

139 1177 288 1262 praebet:
316 1171 536 1237 ‘APTEMIO
563 1168 742 1237 ΕΦΕΟΙΑ.
767 1171 984 1238 ΑΟΥΛΟΟἲ2
1028 1174 1194 1238 Accedunt
1216 1175 1288 1238 duo¹

139 1281 260 1346 nummi
284 1287 316 1343 et
346 1276 488 1362 Philippi
523 1277 654 1339 iunioris
689 1284 721 1340 et
748 1276 939 1341 Etruscillae
974 1278 1107 1341 eandem
1141 1276 1279 1342 Dianam
1344 1325 1347 1332 .

139 1384 313 1469 Ephesiam
334 1376 462 1445 (ἄσυλον
485 1376 700 1464 eloquentes’.3

241 1488 356 1571 Itaque
383 1486 507 1568 asylum
531 1481 655 1572 Dianae
678 1483 836 1568 Ephesiae
873 1505 928 1568 per
953 1485 1059 1548 omnio
1081 1486 1278 1571 antiquitatis

138 1598 282 1676 tempora
314 1589 460 1653 omnibus
492 1588 686 1671 supplicibus
710 1589 867 1652 exstitisse
900 1588 1058 1672 refugium
1089 1596 1278 1674 exoptatum

140 1701 274 1771 constat,
297 1693 392 1777 idque
417 1692 555 1756 nummis
578 1691 765 1755 testantibus
787 1691 827 1754 ad
851 1693 978 1755 tertium
1001 1714 1100 1776 usque
1123 1714 1154 1775 p.
1172 1693 1277 1757 Ohrn.

134 1800 298 1863 saeculum
321 1797 438 1861 floruit.

240 1903 401 1986 Imprimis
438 1907 544 1964 autem
580 1900 789 1982 debitoribus,
826 1899 880 1985 qui
917 1899 957 1963 ad
994 1900 1118 1985 asylum
1154 1899 1277 1966 Dianae

137 2007 298 2092 Ephesiae
322 2005 557 2089 confugiebant,
591 2004 650 2068 dea
681 2003 827 2087 praebuit
855 2004 1104 2068 incolumitatem
1134 2012 1166 2069 et
1195 2011 1278 2070 tutos

139 2111 391 2176 acreditoribus
415 2109 572 2193 praestitit
603 2128 658 2173 eos
692 2115 724 2171 et
755 2108 903 2190 intactos,
934 2129 1006 2172 eum
1038 2129 1093 2172 eos
1129 2109 1169 2172 ab
1204 2130 1278 2174 aere

136 2217 240 2280 alieno
266 2213 417 2278 soluendo
439 2214 599 2296 liberaret,
624 2219 659 2276 ut
682 2211 813 2275 tradidit
837 2213 1050 2276 Plutarchus.4
1085 2213 1190 2287 Quare
1214 2235 1276 2278 non

136 2321 251 2384 mirum
275 2317 401 2382 uidetur
424 2316 509 2403 quod
535 2314 698 2400 Augustus
719 2317 895 2400 imperator
911 2323 1034 2398 partem
1051 2316 1170 2401 Ephesi
1186 2317 1272 2381 urbis

138 2444 219 2505 eam,
254 2443 348 2505 quam
378 2421 458 2506 asyli
488 2421 556 2484 iure
580 2420 755 2484 donauerat
779 2419 944 2499 Antonius,
971 2421 1139 2504 priuilegio
1163 2421 1277 2485 iterum

135 2528 281 2610 priuauit.
321 2525 404 2588 Nam
427 2545 522 2609 quam
546 2525 624 2588 mali
638 2545 704 2588 esse
729 2525 868 2607 potuerit
892 2525 1031 2607 exempli
1042 2523 1174 2588 Antonii
1196 2525 1275 2588 illud

135 2630 341 2716 priuilegium
375 2630 493 2713 optime
527 2650 569 2692 ex
595 2627 698 2691 Taciti
730 2627 835 2691 uerbis
870 2629 1014 2710 cognosci
1044 2635 1159 2711 potest,
1196 2650 1276 2713 quae
1321 2678 1324 2683 .

135 2733 243 2798 sunt:5
265 2728 512 2816 ‘complebantur
536 2732 663 2816 templa
685 2730 827 2816 pessimis
843 2732 1058 2795 seruitiorum:
1080 2731 1190 2795 eodem
1204 2733 1276 2795 sub·

134 2839 214 2902 sidio
239 2837 381 2901 obaerati
404 2835 572 2899 aduersum
596 2834 765 2899 creditores
799 2833 1060 2918 receptabantur',
1095 2857 1175 2920 quae
1205 2837 1271 2920 qui·

135 2943 208 3005 dem
243 2940 342 3004 uerba
376 2940 529 3023 imprimis
563 2939 604 3003 de
636 2938 738 3002 nostri
768 2939 848 3023 asyli
881 2938 1074 3003 debitoribus
1105 2941 1274 3024 praecipue

135 3045 327 3130 praesidium
351 3038 533 3128 praebentis
557 3064 615 3106 usu
640 3043 723 3106 malo
746 3043 831 3106 dicta
854 3064 924 3106 esse
946 3043 1103 3107 uidentur.

239 3147 435 3212 Testimonia
458 3168 583 3231 quoque
607 3153 734 3211 exstant
757 3147 909 3211 nonnulla
941 3168 1048 3211 rerum
1077 3148 1273 3232 scriptorum,

134 3274 216 3337 quae
240 3252 426 3315 confirmant
447 3249 571 3314 Dianae
593 3250 753 3333 Ephesiae
777 3252 907 3335 eiusque
930 3252 1041 3335 templi
1064 3252 1143 3335 asyli
1167 3252 1224 3316 ius.

239 3356 398 3420 Antonius
421 3355 507 3418 enim
531 3355 676 3418 triumuir
701 3354 1032 3438 secundum’Appiani
1046 3354 1276 3419 testimonium6

132 3460 280 3526 omnibus
302 3461 445 3544 pepercit
468 3457 560 3521 Bruti
584 3465 615 3521 et
631 3457 747 3536 Cassii,
764 3457 907 3522 Caesaris
930 3458 1092 3521 dictatoris
1115 3451 1275 3542 percusso·

133 3586 226 3644 rum,
261 3562 369 3638 sociis,
403 3563 455 3646 qui
487 3562 519 3632 in
546 3561 669 3625 Dianae
698 3561 856 3646 Ephesiae
885 3561 1091 3644 confugerant
1121 3562 1274 3645 templum

134 3668 244 3750 ibique
275 3665 433 3750 supplices
455 3665 612 3747 sederant,
635 3664 786 3728 Petronio
811 3671 843 3728 et
865 3663 982 3738 Quinto
1007 3663 1196 3748 quibusdum
1219 3685 1274 3728 ex·

134 3821 343 3832 ..-...-—--.

240 3909 248 3942 ¹
268 3907 390 3968 Eokhel.,
409 3907 440 3959 D.
460 3908 493 3960 N.
512 3906 546 3959 V.
564 3907 593 3958 II
611 3923 637 3972 p.
656 3905 715 3960 519.

238 3993 286 4046 ²1.
305 4011 328 4046 e.

240 4080 406 4140 8Μίαιιααα,
428 4080 523 4132 Descr.
543 4079 577 4130 de
596 4077 666 4130 med.
684 4079 728 4131 III
746 4096 808 4147 pag.
827 4079 877 4132 120
896 4098 921 4132 n.
940 4079 1004 4139 432;
1024 4095 1087 4146 pag.
1108 4078 1154 4132 121
1175 4095 1200 4131 n.
1214 4077 1273 4131 449.

238 4167 249 4202 ⁴
268 4166 348 4231 Plut,
368 4167 463 4218 moral.
483 4166 526 4228 V„
547 4166 580 4217 de
599 4167 712 4218 uitando
733 4182 797 4218 aere
817 4167 906 4218 alieno
927 4183 988 4232 cap.
1007 4165 1033 4218 3.
1052 4166 1094 4216 ed.
1130 4165 1272 4217 Taucbnit.

134 4251 212 4307 1820.
232 4249 254 4319 ‘ri
271 4257 319 4320 μὲν
336 4247 382 4323 yalp
394 4253 516 4322 ’'Aprepac
534 4250 549 4318 ἧ
567 4253 594 4304 ἓν
608 4250 711 4322 Ἐφέσῳ
730 4262 782 4313 ταῖς
796 4251 942 4324 χρεώσταις,
966 4255 1030 4306 ὅταν
1049 4255 1223 4320 καταφύγωσιν
1240 4253 1273 4310 οἷς

131 4340 165 4394 ‘cd
184 4337 250 4406 ἱερὸν
268 4337 353 4408 αὖτῆς,
371 4339 475 4393 docitur
494 4338 595 4409 παρέχει
613 4346 653 4391 καὶ
673 4341 758 4394 ἄδειαν
775 4339 831 4392 aad
850 4341 903 4392 ταῖν
921 4336 1045 4392 δανείων)

240 4427 250 4460 ⁵
268 4425 364 4490 Tacit,
383 4442 445 4478 aon.
463 4423 508 4477 ΠΙ
526 4423 568 4477 60.

239 4510 250 4546 ⁸
269 4512 396 4580 Appiam,
415 4512 449 4564 de
467 4513 531 4563 bell.
550 4511 623 4563 oiuil.
643 4511 669 4564 V
686 4511 710 4565 4.
