3180 5178
594 519 804 584 „43-

134 736 154 778 a
185 711 294 798 piratis
324 712 500 776 confectam
533 712 657 796 asylum
689 711 792 775 adbuc
821 711 978 775 exstiterit
1007 718 1101 797 atque
1129 711 1270 775 floruerit

133 839 242 898 necne,
266 838 395 902 prorsus
417 817 480 880 dici
501 837 566 881 non
588 822 704 900 potest.

241 924 291 987 19.
316 923 367 984 29.
412 921 557 986 Secundo
583 921 654 984 loco
678 919 886 984 Plutarchus¹
909 915 955 983 ‘sd
974 919 1146 1000 Aadcyiniov'
1168 921 1269 983 nomi·

132 1027 221 1090 nauit
244 1026 326 1090 inter
350 1021 450 1088 duola
474 1025 523 1088 καὶ
547 1021 647 1104 ἄβατα
670 1021 749 1108 ἱεροὶ,
773 1043 791 1086 a
814 1024 924 1108 piratis
946 1025 1070 1088 saeculo
1094 1047 1122 1090 a.
1146 1024 1218 1088 Ohr.
1237 1045 1268 1088 n.

134 1129 235 1212 primo
259 1129 412 1214 spoliata;
436 1149 496 1212 quo
519 1128 552 1191 in
575 1128 693 1214 tcmplo
724 1149 865 1191 summus
897 1135 965 1192 erat
991 1127 1147 1212 Apollinis
1169 1127 1268 1212 Didy-

132 1234 215 1296 maei
238 1233 350 1312 cultus,
374 1232 543 1316 praecipue
566 1231 733 1294 aMilesiis
753 1239 895 1296 seruatus
917 1238 950 1296 et
973 1239 1092 1297 auctus.
1138 1230 1268 1296 Summa

130 1343 199 1400 crat
233 1336 421 1399 auctoritate
455 1335 610 1418 templum
646 1333 742 1417 illud,
779 1336 866 1398 cuius
900 1336 1026 1399 oraculo
1059 1335 1269 1419 Branchidae,

130 1441 292 1524 Apollinis
314 1439 505 1519 sacerdotes,
528 1439 735 1523 praefuerunt
758 1438 821 1501 iam
846 1441 955 1523 priscis
977 1440 1039 1503 illis
1061 1440 1268 1523 temporibus,

128 1545 184 1608 nbi
207 1545 312 1608 omnia
328 1543 528 1608 oraculorum
552 1542 637 1606 iussu
661 1563 679 1605 a
695 1541 824 1606 Graecis
843 1549 914 1606 acta
927 1548 1021 1627 atque
1041 1542 1181 1628 p'erfecta
1197 1549 1268 1607 sunt

128 1669 231 1733 neque
256 1647 386 1711 minoris
409 1646 504 1710 fuisse
522 1645 648 1709 uidetur
671 1647 825 1708 momenti
841 1645 924 1708 idem
946 1642 1108 1710 oraculum
1131 1645 1163 1710 in
1179 1647 1268 1710 emit·

127 1751 231 1815 tendis
264 1751 395 1815 coloniis
426 1749 623 1814 Milesiorum
654 1755 749 1832 atque
782 1750 885 1833 ipsum
920 1749 1077 1835 Apollinis
1106 1751 1267 1815 oraculum

129 1853 322 1940 Delphicum
344 1856 377 1918 in
400 1853 596 1917 Graecorum
616 1852 775 1936 Europae.
823 1852 1155 1938 alienissimum
1172 1855 1268 1918 etiam

129 1960 211 2044 asyli
234 1961 302 2023 iure
318 1958 480 2043 gaudebat
492 1957 660 2022 delubrum
676 1958 842 2021 sanctitate
858 1963 953 2041 atque
968 1964 1128 2022 uetustate
1144 1979 1267 2024 summa

129 2063 278 2148 insigne?

231 2165 412 2233 Secundum
435 2165 643 2230 Strabonem²
673 2161 863 2248 ’ἐνεπρήσθη
893 2162 953 2228 v‘ud
980 2163 1094 2250 Ξέρξου
1124 2167 1267 2250 καθάπερ

83 2279 86 2287 “
126 2276 176 2340 καὶ
195 2270 233 2337 τοὶ
252 2269 331 2336 ἄλλα
346 2268 416 2352 ἱερά
426 2265 442 2335 ’.
477 2270 650 2334 Praeterea
670 2276 777 2334 autem
800 2271 1001 2354 priuilegium
1018 2271 1269 2338 inuiolabilitatis

126 2378 269 2445 seruauit
292 2375 508 2461 Didymaeum
530 2395 587 2458 per
609 2396 702 2440 omne
725 2381 861 2459 tempus,
882 2377 908 2438 si
932 2377 1106 2458 piratarum
1121 2376 1266 2442 Cilicien-

126 2486 210 2549 sium
233 2480 458 2566 praedationes
480 2480 641 2543 sacculos
660 2478 733 2542 Chr.
752 2500 783 2543 n.
807 2481 909 2563 primo
927 2481 1085 2544 confectas
1101 2482 1266 2566 excipias-⁹³

236 2586 415 2649 Posteriora
445 2591 589 2669 ternpore
621 2583 751 2647 Milesii·
769 2583 850 2668 asyli
883 2584 928 2646 ius
960 2585 1071 2668 templi
1109 2585 1267 2670 Apollinis

125 2690 299 2776 Didymaei
322 2688 425 2753 denuc
456 2689 617 2772 petierunt
647 2692 800 2751 asenatu
831 2707 902 2750 curn
932 2686 1059 2751 Tiberio
1090 2689 1266 2773 imperante

125 2796 252 2878 legatos
277 2793 317 2857 ad
341 2791 541 2857 defendenda
564 2796 674 2854 uetera
696 2791 808 2874 templi
824 2791 991 2874 priuilegia
1008 2792 1138 2856 mittere
1161 2801 1265 2858 essent

123 2900 216 2980 iussi,
240 2919 314 2962 nam
338 2897 414 2981 quin
437 2896 476 2959 de
499 2896 592 2959 huius
614 2895 712 2979 ipsius
735 2896 845 2979 templi
868 2893 995 2971 α’συλίας
1019 2896 1170 2961 beneficio
1193 2920 1265 2963 curn

125 3010 239 3068 senatu
270 3000 394 3083 egerint
426 2999 540 3064 Milesii
570 3020 654 3062 anno
684 3020 715 3083 p.
740 2998 812 3062 Chr.
840 3021 870 3064 n.
894 3001 946 3064 22.
977 3001 1106 3064 minime
1134 3001 1266 3065 dubium

125 3129 197 3173 csse
219 3103 348 3190 potest.⁴
393 3103 600 3168 Reuocabant
624 3109 729 3167 autern
754 3103 870 3168 Milesii
893 3105 974 3188 asyli
997 3106 1044 3168 ius
1067 3105 1107 3168 ad
1124 3105 1265 3169 Dareum

127 3232 249 3295 regem,
273 3210 327 3293 qui
348 3207 458 3271 fuisset
480 3214 588 3271 auctor
612 3208 705 3271 huius
729 3209 837 3271 eximii
853 3209 1022 3294 priuilegii.
1056 3209 1153 3272 Haud
1173 3209 1267 3273 dubie

127 3316 169 3380 de
194 3313 302 3377 Dareo
326 3311 388 3374 ΙΙΙ.
412 3310 505 3375 nobis
528 3310 733 3394 cogitandum
756 3317 813 3391 est,
828 3311 1005 3375 Alexandri
1025 3312 1136 3396 Magni
1158 3312 1269 3377 aduci-

126 3419 223 3499 sario,
247 3416 330 3501 quod
360 3417 424 3478 iam
453 3435 494 3479 ex
522 3416 749 3478 sententiarum
780 3415 889 3479 ordine
922 3416 1006 3501 apud
1029 3416 1173 3480 Tacitum
1205 3438 1268 3481 ser-

123 3529 201 3587 uato
232 3526 376 3604 apparet.
422 3518 631 3583 Confirmauit
663 3526 771 3582 autern
806 3524 932 3582 senatus
964 3520 1079 3583 iterum
1109 3519 1269 3604 Apollinis

125 3624 247 3690 Milesii
269 3624 322 3688 uel
345 3623 449 3707 potius
472 3621 643 3706 Didymaei
666 3621 801 3686 ducitur.

236 3731 288 3793 22.
333 3727 545 3810 Ephesiorum
562 3727 687 3810 asylum
711 3727 794 3790 inter
817 3727 960 3790 omnium
975 3726 1168 3792 Graecorum
1189 3729 1269 3792 cele·

124 3834 265 3898 berrima
287 3830 521 3895 numerandum
536 3837 583 3894 est
599 3831 689 3915 asyla
706 3832 769 3894 iam
784 3835 915 3914 propter
931 3828 1056 3894 Dianae
1072 3831 1267 3916 religionem,

123 3959 189 4024 qua
211 3935 374 4020 gaudebat
390 3934 451 3999 dea
468 3935 500 3998 in
518 3936 636 4018 templo
652 3957 708 4000 suo
724 3935 817 4018 longe
834 3936 961 4018 lateque
983 3934 1156 4017 celebrato,
1187 3937 1270 4019 qnod

124 4042 240 4106 fanum
271 4039 352 4123 asyli
373 4039 422 4102 ius
445 4037 556 4101 habuit
587 4037 660 4102 inde
691 4038 732 4103 ab
755 4037 979 4124 antiquissimis
1001 4038 1205 4122 temporibus,
1234 4045 1270 4102 ut

236 4229 245 4264 ¹
265 4230 346 4289 Pina,
365 4230 458 4296 Pomp.
480 4244 539 4295 cap.
559 4227 600 4281 24.

236 4317 247 4352 ²
266 4315 354 4367 Strab.
374 4313 442 4367 XIV
463 4316 476 4368 l
496 4311 512 4381 ἓ
531 4313 547 4368 b
566 4331 591 4381 p.
611 4313 632 4368 G
650 4313 709 4368 634.

234 4401 245 4436 ³
263 4402 345 4467 Plut,
363 4402 457 4467 Pomp.
477 4417 538 4467 cap.
556 4398 598 4454 24.

231 4489 243 4524 ⁴
262 4487 358 4550 Tacit,
378 4505 441 4540 ann.
462 4485 573 4556 111633
595 4487 686 4540 Strab.
710 4489 728 4539 l.
748 4505 780 4553 c.,
799 4489 846 4541 nbi
870 4487 997 4541 dicuntur
1010 4487 1109 4541 Milesii
1127 4488 1176 4542 τοῦ
1194 4487 1271 4542 Διδυ-

121 4575 191 4645 μὲως
211 4571 371 4637 ’Λπόλλωνος
390 4575 517 4628 cultorem
