3180 5178
592 457 803 520 „73...

128 663 177 726 dei
202 665 384 750 Aesculapii
407 666 508 730 cultus
531 688 670 730 summos
692 667 814 750 aceepit
837 666 973 731 honores
987 689 1005 730 a
1019 666 1182 730 Caracalla
1205 665 1262 728 im·

129 774 292 850 peratore,
326 769 380 852 qui
413 769 482 852 ipse
516 769 708 834 ualetudinis
738 791 833 834 eausa
862 791 945 833 anno
974 793 1004 855 p.
1029 769 1103 835 chr:
1132 791 1161 832 n.
1186 771 1259 834 215.

128 873 319 955 Pergamum
344 871 422 935 adiit
445 879 477 936 et
500 872 531 936 in
556 874 738 958 Aesculapii
760 874 878 958 templo
909 875 1032 938 somnia
1063 875 1203 958 oaptauit
1226 881 1260 936 nt

128 984 235 1039 narrat
259 975 495 1040 Herodianus.¹

313 1096 352 1160 ad
375 1119 404 1160 n.
429 1101 479 1164 39.
503 1100 554 1162 40.
579 1101 630 1166 41.
655 1102 695 1164 42
719 1099 757 1164 ol.
782 1121 812 1164 n.
839 1101 887 1163 10.
912 1101 941 1162 8.
966 1102 994 1160 4.
1021 1099 1069 1162 18.

610 1308 650 1370 ad
674 1330 704 1371 n.
730 1309 780 1374 43.

439 1465 619 1530 ASYLUM
645 1463 960 1528 COMMAGENES.

230 1623 398 1685 Samosata
415 1620 643 1703 Commagenes
660 1621 736 1685 urbs
751 1623 784 1684 in
801 1622 935 1684 nummis
951 1619 1160 1705 praedicatur,
1184 1615 1260 1698 ‘ispa

128 1727 176 1788 καὶ
198 1721 315 1801 ἄσυλος’
337 1726 573 1808 septemdecim,
595 1727 676 1790 haee
696 1726 799 1809 elogia
817 1746 889 1789 oum
905 1725 973 1788 aliis
989 1725 1157 1789 ooniunota
1173 1744 1262 1806 prae·

129 1829 288 1910 bentibus,
313 1849 447 1913 quorum
471 1831 631 1913 pertinent
655 1829 719 1892 duo
743 1827 784 1892 ad
807 1829 1006 1892 Antoninum
1027 1827 1129 1906 Pium,
1153 1825 1194 1889 ad
1219 1824 1260 1887 M.

128 1933 293 1996 Aurelium
317 1933 465 2016 quinque,
489 1939 611 2016 septem
635 1933 674 1996 ad
691 1932 728 1998 L.
742 1931 871 2009 Verum,
895 1930 934 1994 ad
952 1929 1162 1995 Commodum
1187 1929 1259 2007 duo,

129 2036 170 2100 ad
194 2035 378 2120 Septimium
397 2037 550 2101 Seuerum
574 2059 667 2102 unus.
707 2037 821 2121 Itaque
844 2045 929 2100 oerte
952 2035 1026 2098 inde
1040 2034 1080 2099 ab
1098 2034 1261 2097 Antonino

132 2138 190 2204 Pio
206 2141 312 2204 floruit
328 2140 569 2206 Samosatorum
589 2141 711 2224 asylum
728 2162 830 2225 usque
847 2142 886 2205 ad
903 2141 1091 2224 Septimium
1107 2139 1259 2202 Seuerum

25 2317 26 2328 ,
129 2243 379 2327 imperatorem.²
424 2245 513 2330 Asyli
538 2266 653 2308 numen
678 2251 788 2308 notum
811 2245 902 2309 nobis
925 2265 988 2308 non
1014 2252 1072 2309 est.
1109 2243 1261 2306 Fortasse

129 2345 258 2424 ἀσυλίας
272 2349 439 2434 priuilegio
455 2349 638 2433 gaudebant
654 2349 820 2414 Samosata
839 2349 912 2413 inde
929 2371 948 2412 a
964 2347 1172 2432 Vespasiano,
1197 2367 1261 2431 quo

25 2507 27 2520 .
130 2451 260 2515 iubente
285 2451 477 2516 Caesennius
502 2452 633 2534 Paetus,
662 2452 772 2536 Syriae
795 2473 922 2537 praeses
953 2473 981 2515 a.
1005 2473 1036 2536 p.
1060 2450 1133 2516 Chr.
1157 2471 1187 2513 n.
1212 2452 1262 2514 72.

130 2555 248 2618 inuasit
272 2554 521 2639 Commagenen,
552 2578 635 2641 quae
664 2578 747 2621 anno
775 2556 923 2640 proximo
947 2578 977 2640 p.
1003 2555 1076 2618 Chr.
1099 2576 1130 2620 n.
1156 2555 1206 2619 73.
1230 2554 1261 2617 in

131 2659 327 2744 prouinciam
351 2660 480 2724 redaota
502 2669 561 2726 est.
600 2661 680 2726 Inda
695 2661 814 2725 fautum
837 2666 895 2740 est,
918 2667 953 2721 ut
970 2658 1154 2740 Samosatis,
1178 2679 1261 2742 quae

127 2764 189 2826 iam
213 2770 306 2826 antea
329 2784 439 2847 regum
465 2764 557 2830 sedes
572 2765 711 2842 fuerunt,
734 2764 951 2849 metropoleos
974 2764 1045 2828 iura
1067 2783 1105 2826 ao
1128 2761 1263 2828 Flauiae

26 2887 27 2946 ᾗ
126 2887 242 2931 nomen
264 2867 388 2951 aliaque
411 2869 579 2952 priuilegia
601 2867 814 2946 aooederent,3
837 2868 869 2930 in
893 2889 1027 2952 quorum
1042 2887 1174 2930 numero
1198 2865 1260 2930 lor·

127 2976 212 3032 tasse
235 2977 303 3033 erat
325 2971 435 3053 templi
459 2971 591 3034 alieuius
612 2970 693 3056 asyli
715 2972 763 3034 ius
787 2971 840 3052 (P).

27 3115 28 3118 ¹
126 3091 167 3154 ad
191 3113 222 3156 n.
241 3093 291 3156 44.
316 3095 367 3158 45.
391 3095 442 3156 46.
459 3095 511 3156 47.
528 3095 579 3158 48.
596 3094 648 3157 49.
667 3093 707 3156 56
731 3093 770 3157 of.
794 3114 824 3157 n.
849 3095 897 3156 26.
923 3096 952 3156 9.
977 3095 1006 3155 S.
1029 3093 1079 3155 21.
1105 3092 1155 3154 16.
1179 3092 1208 3153 5.
1233 3092 1263 3154 9.

605 3297 645 3362 ad
668 3320 699 3364 n.
723 3302 774 3365 51.

287 3453 468 3518 ASYLUM
492 3453 598 3518 unm
622 3454 870 3520 CYCLADUM
892 3455 1097 3520 INSULAE.

29 3693 30 3700 ἵ
228 3607 345 3672 Tenios
375 3615 410 3671 ut
441 3608 520 3694 asyli
556 3609 602 3672 ius
636 3612 745 3696 templi
777 3613 825 3676 sui
859 3611 1068 3676 defenderent
1101 3611 1260 3698 Apollinis

29 3777 30 3784 χ
124 3731 251 3775 oarmen
275 3712 435 3777 rettulisse
468 3713 507 3775 ad
542 3719 688 3796 senatum
719 3715 816 3780 tradit
847 3717 1003 3796 Tacitus,⁴
1039 3738 1102 3801 quo
1135 3738 1260 3782 eaorare

126 3814 269 3898 Neptuni
293 3817 434 3900 effigiem
457 3817 634 3901 aedemque
660 3819 735 3883 inssi
759 3828 876 3884 essent.
922 3819 1087 3885 Saoratum
1111 3822 1172 3885 fnit
1194 3843 1265 3906 asy-

228 4029 235 4059 ¹
257 4023 369 4090 Herod,
393 4021 441 4090 (ab
467 4040 580 4077 exoessu
607 4023 663 4076 dini
688 4025 774 4078 Maroi
803 4027 867 4079 libri
887 4026 955 4079 VIII
979 4027 1021 4080 ed.
1049 4029 1123 4080 Imm.
1149 4028 1261 4081 Bekker

30 4183 31 4186 Ἴ
127 4125 190 4175 pag.
215 4108 274 4174 111)
293 4112 320 4162 in
340 4109 473 4163 Caracall.
493 4113 552 4163 uita
569 4110 628 4174 (lib.
647 4112 686 4163 IV
706 4128 766 4179 cap.
786 4111 856 4165 VIII
873 4109 889 4178 S
908 4112 952 4178 3.).

229 4195 394 4260 ²Mionnst,
420 4196 514 4250 Dosor.
543 4197 577 4248 de
595 4195 666 4250 med.
688 4197 711 4247 V
736 4215 762 4265 p.
785 4199 832 4252 119
851 4217 876 4252 n.
896 4199 937 4253 49.
958 4199 999 4254 56.
1026 4199 1067 4252 52.
1086 4199 1127 4253 53.
1152 4200 1194 4254 54.
1212 4201 1259 4270 55;

30 4275 31 4288 ’
127 4283 221 4350 Suppl.
239 4281 310 4342 VIII
336 4300 361 4349 p.
380 4283 411 4336 91
438 4301 463 4335 n.
482 4282 524 4337 32.
548 4282 592 4338 33.
610 4284 653 4338 34.
677 4285 718 4339 35.
737 4285 780 4340 36.
801 4286 842 4340 37.
861 4285 901 4340 38.
921 4287 970 4353 39;
998 4305 1022 4354 ρ.
1042 4285 1076 4340 92
1102 4303 1126 4338 n.
1146 4287 1188 4340 40.
1213 4286 1261 4354 42;

127 4386 153 4436 p.
172 4367 207 4424 93
225 4387 251 4421 n.
269 4369 311 4422 46.

230 4454 382 4522 Β51661161,
401 4457 433 4508 D.
454 4455 487 4509 N.
506 4455 540 4510 V.
561 4457 604 4510 III
622 4474 647 4523 p.
665 4455 725 4512 253.

229 4541 355 4608 ⁴uaeit,
374 4559 438 4596 ann.
460 4542 561 4597 11163.
