3180 5178
602 476 812 538 -23..

19 699 20 752 j
138 676 284 750 τονικέων
306 673 362 739 δύο
385 675 464 761 ἱερά,
482 673 516 740 ἓν
529 674 587 756 μὲν
603 677 752 758 Asylum
767 674 805 740 to*
820 677 874 754 τῆς
883 675 1012 760 Ἑκάτης
1034 674 1275 763 ἐπιφανέστατον

19 855 20 858 ¹
139 779 326 866 πανηγύρεις
348 780 485 863 μεγάλας
507 778 638 862 συνάγον
660 778 725 844 κατ’
748 776 901 844 ἕνααατόνῖ

244 884 377 970 Templa
411 891 516 948 autem
546 884 600 947 illa
627 883 690 966 duo
723 889 812 948 erant
843 893 875 948 et
903 884 995 948 Jouis
1017 885 1221 950 Panhemerii
1244 893 1275 951 et

19 987 20 1048 ζ
138 991 281 1056 Hecates
306 987 442 1070 Triuiae,
466 989 516 1052 cui
537 988 567 1050 in
591 985 721 1051 decreto
744 987 995 1070 Lagiuensiuml
1020 1009 1197 1072 cognomen
1221 992 1274 1055 tri·

19 1149 20 1154 ,
138 1097 247 1163 buitur
275 1089 447 1174 ‘Surripui
492 1090 534 1155 Et
566 1112 678 1174 agrum
709 1091 836 1174 quidem
866 1091 957 1154 illum
980 1111 1113 1175 sacrum,
1141 1094 1277 1179 a-Lagi-
1368 1162 1370 1168 ,

19 1229 20 1232 “
135 1220 254 1263 norum
277 1196 395 1283 populo
419 1195 562 1260 Hecatae
579 1195 716 1283 Σωτείρᾳ
737 1191 955 1279 “χαριστὴριον’
971 1196 1139 1278 oblatum,2
1155 1205 1276 1283 partem

136 1303 284 1369 effecisse
306 1302 449 1367 Hecates
472 1299 552 1385 asyli
574 1300 606 1362 in
630 1299 722 1363 titulo
746 1299 874 1364 altero3
899 1298 1127 1366 Stratonicensi
1156 1323 1277 1369 merno-

137 1409 201 1472 rati
229 1405 416 1469 Newtonius
446 1409 530 1468 recte
564 1403 750 1488 suspicatur.
805 1402 955 1468 Ceterum
987 1404 1109 1489 Lagina
1139 1426 1276 1471 unacum

141 1511 288 1577 tribubus
312 1511 385 1590 suis,
409 1529 541 1594 quarum
560 1508 679 1571 mentio
696 1508 733 1571 fit
754 1503 916 1594 Ἅλωσσῷ
930 1506 979 1571 καὶ
989 1505 1153 1593 Καρόλλαυ
1165 1507 1277 1595 potff⁴

137 1618 339 1682 continentur
371 1613 526 1676 territorio
560 1611 670 1694 templi
691 1609 839 1674 ⁴Hecates
870 1610 955 1695 quod
975 1610 1150 1676 dicebatur
1182 1613 1275 1697 ‘nepr-
1396 1643 1407 1658 ·

136 1717 276 1801 πόλιον’,5
309 1725 340 1782 et
376 1738 448 1781 oum
471 1715 612 1781 Hecates
645 1714 799 1798 templum
831 1715 962 1799 Laginis
995 1715 1072 1799 ipsis
1105 1716 1202 1780 situm
1224 1717 1275 1802 sit,

140 1846 256 1910 agrum
278 1823 366 1887 illum
390 1820 469 1884 deae
485 1819 664 1884 dedicatum
687 1818 727 1882 ad
744 1820 867 1904 asylum
884 1818 1023 1886 Hecates
1040 1820 1167 1888 Triuiae
1183 1841 1275 1906 speo-

138 1937 226 1995 tasse
249 1928 326 1993 satis
352 1924 518 2011 probabile
540 1930 598 1989 est.
688 2015 689 2020 γ

244 2031 308 2096 Sed
330 2031 391 2094 hoc
415 2027 592 2113 urgendum
609 2027 744 2109 uidetur,
768 2034 938 2112 utrumque
960 2030 1114 2113 templum
1137 2035 1170 2094 et
1183 2029 1276 2094 Jouis

137 2136 343 2201 Panhemerii
366 2140 399 2198 et
414 2133 554 2197 Hecates
571 2131 724 2212 Σωτείρας
739 2131 839 2196 fuisse
855 2133 978 2216 asylum
993 2154 1098 2218 neque
1114 2133 1177 2198 duo
1192 2134 1277 2197 inter

19 2237 20 2310 ?
137 2263 174 2305 ee
199 2240 368 2304 coniuncta
391 2237 551 2302 exstitisse
566 2236 701 2320 templa3
724 2255 796 2298 nam
821 2241 852 2299 ct
868 2234 981 2300 Strabo
998 2236 1038 2300 de
1055 2236 1180 2302 duobus
1196 2235 1276 2300 fanis

135 2345 280 2430 loquitur
314 2344 345 2406 in
377 2341 661 2407 Stratonicensium
685 2361 761 2424 agro
795 2339 862 2404 sitis
893 2346 925 2405 et
955 2341 988 2404 in
1019 2341 1112 2407 titulo
1143 2337 1275 2404 nostro⁶

133 2449 255 2533 legitur
278 2445 323 2530 ιταὶ
346 2443 414 2528 ἱεραὶ
430 2441 538 2508 ἄσυλα
561 2443 856 2526 Stratonicensium,
881 2443 973 2528 quod·
989 2443 1029 2508 ari
1053 2445 1137 2508 aliud
1161 2445 1275 2511 reterri

133 2575 200 2619 non
225 2558 341 2637 potest,
377 2550 437 2614 nisi
460 2548 500 2612 ad
524 2548 586 2612 duo
621 2548 675 2612 illa
706 2547 798 2612 Jouis
831 2549 1032 2612 Panhemerii
1067 2556 1098 2612 et
1132 2548 1274 2614 Hecates

19 2675 20 2720 3
132 2658 264 2721 Triuiae
288 2656 340 2718 uel
364 2651 558 2742 iptiopopovl
582 2652 712 2736 templa.

240 2759 448 2841 Priuilegium
478 2762 585 2821 autem
614 2757 689 2820 iuria
720 2756 800 2841 asyli
833 2756 881 2820 his
915 2755 1039 2820 duobus
1067 2755 1195 2842 templis
1219 2757 1273 2821 tri·

19 2939 20 2942 *
134 2865 297 2930 buobatur
319 2862 359 2925 ab
375 2861 525 2945 Augusto
550 2865 606 2924 aut
628 2881 699 2924 cum
715 2860 798 2924 bello
815 2859 1033 2925 Alexandrino
1050 2860 1082 2924 in
1097 2859 1274 2926 Antonium

117 2971 272 3040 ,feliciter
294 2973 386 3051 gesto
409 2967 441 3029 in
463 2965 576 3030 Asiam
599 2985 759 3047 reuersus,
788 2963 890 3028 hieme
915 2984 1121 3031 annoruma.
1145 2963 1218 3030 Ohr.
1242 2986 1272 3029 n.

19 3057 20 3060 Ἴ
131 3076 188 3138 29.
212 3079 244 3136 et
268 3074 319 3135 28.
342 3069 475 3134 hiberna
498 3075 617 3152 ageret,
642 3089 705 3152 quo
730 3076 875 3153 tempore
898 3068 993 3132 etiam
1024 3068 1064 3133 de
1086 3068 1274 3134 Parthorum

132 3177 233 3243 rebus
257 3175 367 3240 arbitri
398 3182 507 3258 partes
538 3179 730 3258 susceperat,
762 3179 817 3237 aut
840 3194 910 3238 oum
934 3174 1110 3257 posteriore
1132 3178 1274 3257 tempore

19 3349 20 3364 2
132 3301 246 3344 rursus
269 3279 301 3342 in
324 3278 403 3342 Asia
427 3284 568 3342 moratus
593 3277 725 3342 Samum
747 3278 779 3341 in
802 3277 934 3341 hiberna
967 3278 1013 3340 his
1043 3299 1078 3342 se
1100 3277 1275 3362 recepisset

19 3371 20 3378 i
132 3389 276 3451 testante
301 3382 482 3448 Strabone⁸
504 3383 587 3446 circa
609 3382 661 3446 uel
684 3382 780 3466 paulo
804 3388 878 3466 post
894 3402 1012 3446 annum
1028 3401 1056 3445 a.
1074 3379 1147 3445 (ihr.
1162 3402 1192 3446 n.
1210 3383 1276 3465 20„

132 3509 201 3575 quo
234 3487 326 3571 signa
363 3507 490 3571 quoque
522 3486 669 3550 militaria
703 3487 794 3549 annis
823 3505 851 3552 a.
878 3483 951 3550 Ohr.
975 3507 1005 3550 n.
1035 3489 1068 3548 et
1090 3486 1142 3548 53.
1167 3491 1199 3549 et
1223 3485 1275 3550 36.

19 3605 20 3608 ’
132 3614 209 3658 curn
233 3613 253 3655 a
277 3589 392 3657 Orasso
416 3597 481 3654 turn
504 3591 544 3654 ab
568 3591 708 3654 Antonio
741 3589 915 3655 triumuiris
938 3608 1046 3675 pugna
1068 3587 1204 3652 aduersa
1225 3611 1275 3654 re-

19 3697 21 3752 i
131 3695 217 3760 lictis
247 3699 416 3778 acceperat
442 3715 461 3757 a
483 3694 676 3759 Parthorum
706 3713 798 3777 rege,
829 3693 971 3758 Phraate
994 3691 1063 3774 Ν,
1094 3693 1148 3776 qui
1179 3698 1274 3757 antea

19 3841 20 3880 y
133 3797 273 3865 Antonii
295 3800 408 3877 uictor,
431 3799 553 3863 recenti
567 3798 708 3882 Augusti
729 3798 877 3863 fortunae
901 3798 1014 3862 cedere
1036 3803 1103 3862 erat
1127 3801 1275 3880 coactus3

132 3902 334 3913 .....-.-.---

240 3941 250 3973 1
271 3936 326 3990 uid.
346 3939 480 4002 Newton„
498 3937 517 3988 l.
536 3953 559 3988 o.
579 3934 724 3989 n.981in.
745 3938 767 3990 1.

238 4025 255 4060 2*
269 4023 324 4076 uid.
342 4024 360 4076 l.
380 4039 403 4076 c.
422 4041 448 4076 n.
467 4022 566 4078 981ἰη.
587 4023 663 4078 1-5.

240 4112 251 4150 3
272 4108 326 4162 uid.
345 4112 363 4162 1.
382 4128 404 4162 e.
423 4127 449 4162 n.
469 4109 569 4164 991111.
590 4111 630 4163 11.

242 4195 328 4258 tuin.
346 4198 364 4249 l.
384 4215 405 4249 c.
424 4215 451 4248 n·
470 4194 504 4249 98
523 4197 568 4248 lin.
586 4195 662 4250 4—5.

240 4285 251 4320 ⁵
268 4283 321 4335 uid.
341 4282 412 4336 001.
433 4284 465 4336 G.
483 4282 520 4335 11.
538 4300 565 4335 n.
583 4282 670 4337 arros
687 4283 735 4335 lin.
758 4283 798 4338 16,

238 4370 250 4406 ⁶
269 4369 324 4422 uid.
344 4369 373 4424 G.
391 4371 413 4423 Ι.
433 4370 465 4423 G·
482 4369 520 4423 II.
538 4385 565 4421 n.
584 4369 671 4422 tiles
689 4371 737 4422 lin.
755 4368 780 4423 3.

242 4458 252 4492 ἵ
271 4461 302 4508 ot
320 4471 366 4508 ex.
383 4471 424 4523 gr.
442 4456 545 4524 legitur
565 4455 598 4508 de
622 4456 718 4508 eadem
737 4456 790 4510 deo
808 4455 836 4509 (l.
855 4457 876 4509 Ι.
895 4453 1105 4511 arlatino
1131 4455 1179 4510 lin.
1197 4454 1274 4512 3-4.

241 4545 252 4582 ⁸
270 4543 354 4597 XVII
372 4545 387 4598 1
406 4543 421 4606 ἓ
439 4540 473 4596 54
491 4557 554 4611 pag.
573 4539 594 4597 O
612 4540 672 4596 821.
