3180 5178
584 427 774 492 -3..

109 625 238 709 tributa,
268 623 354 710 quod
387 644 470 708 opus
490 624 617 687 senatui
648 631 716 688 erat
745 622 983 707 perficiendum,
1006 624 1066 686 ¹cui
1088 623 1243 689 libertatis

110 729 232 814 priscae
247 728 438 812 praebuerat
460 727 600 812 speciem
621 728 795 812 imperator
816 723 988 812 ‘postulata
1010 719 1251 813 prouinciarum

108 833 150 898 ad
175 831 424 917 disquisitionem
449 839 574 916 patrum
596 828 770 896 mittendo’.

101 1011 104 1016 y
215 936 330 1002 Statim
344 933 518 1022 ‘quaedam'
534 937 689 1019 ciuitates,
712 933 806 1022 ‘quod
824 935 904 1001 falso
928 933 1170 1021 usurpauerant’
1184 935 1244 1000 sibi

109 1041 271 1124 asylorum
287 1041 456 1124 priuilegia
472 1060 576 1125 neque
591 1039 725 1105 decretis
740 1061 844 1126 noque
859 1040 1105 1106 consecrationis
1120 1040 1244 1125 legibus

32 1137 33 1140 ¹
110 1147 242 1230 sancita,
273 1142 395 1230 ‘sponte
429 1147 563 1210 omisere
596 1145 666 1209 iura
697 1152 793 1229 atque
826 1146 949 1228 legatos
979 1143 1135 1211 mittere'.¹
1180 1143 1244 1210 Sed

37 1284 42 1292 ·
108 1251 281 1316 nonnullae
310 1251 405 1316 urbes
438 1249 652 1335 ciuitatesque
677 1249 827 1332 Graecae,
861 1255 892 1314 et
923 1251 993 1314 aliis
1024 1249 1125 1316 rebus
1153 1257 1185 1315 et
1212 1249 1244 1312 in

32 1433 34 1436 Ι
109 1357 265 1441 populum
279 1355 460 1420 Romanum
475 1355 629 1439 imprimis
645 1354 764 1418 meritis
779 1354 891 1434 fretae,
909 1355 1109 1440 imperatoris
1132 1354 1244 1418 uolun-

109 1459 167 1522 tati
190 1465 362 1539 ccsserunt,
386 1479 522 1544 quarum
551 1457 583 1521 in
613 1479 746 1524 numero
777 1465 867 1524 erant
889 1457 1046 1544 Ephesii,2
1068 1458 1245 1543 Magnetes,

109 1561 398 1648 Aphrodisienses,
433 1564 703 1646 Stratonicenses,
738 1564 1075 1644 Hierocaesarienses,
1110 1561 1245 1648 Cyprii,³

112 1667 313 1750 Pergameni,
330 1667 507 1751 Zmyrnaei,
521 1667 621 1746 Tenii,
637 1666 793 1750 Sardiani,
806 1668 922 1733 Milesii
938 1668 1081 1752 aliaeque
1099 1665 1244 1731 ciuitates

108 1769 196 1834 haud
212 1771 426 1855 nominatae,⁴
446 1773 559 1857 quibus
575 1774 678 1838 socios
694 1794 729 1837 se
745 1773 959 1837 adiunxerunt
974 1773 1033 1856 ipsi
1050 1767 1244 1836 Cretenses-⁵

107 1876 152 1940 Et
173 1876 207 1939 hi
229 1876 357 1961 quidem
380 1877 490 1960 populi
519 1897 602 1942 anno
626 1899 657 1960 p.
683 1876 755 1943 Chr.
780 1899 810 1942 n.
835 1879 887 1942 22.
927 1875 1063 1940 Romam
1093 1863 1246 1940 miserunt

108 1981 242 2064 legatos.
288 1979 441 2044 Proximo
465 1985 573 2044 autem
595 2001 678 2045 anno
702 2004 734 2066 p.
760 1981 834 2048 Ohr.
859 1984 909 2047 23.
949 1979 1045 2046 Samii
1068 1983 1244 2065 quoquest

110 2083 191 2148 Coi6
212 2084 387 2168 legationes
415 2085 577 2163 miserunt,
599 2092 635 2148 ut
659 2086 848 2170 templorum
877 2107 1004 2151 snorum
1028 2083 1243 2150 stabilirentur

33 2233 34 2236 ,
111 2189 288 2272 priuilegia,
318 2210 402 2272 quae
431 2195 466 2253 ut
490 2189 748 2273 adipiscerentur,
779 2189 875 2253 etiam
906 2189 1026 2253 artibus
1057 2187 1145 2252 malis
1174 2191 1243 2250 ute-

114 2294 231 2357 bantur
260 2293 404 2356 oiuitates
436 2291 630 2356 nonnullae.l
675 2292 811 2356 Senatus
834 2299 942 2357 autem
966 2290 1144 2378 disquisitio
1168 2289 1243 2354 satis

108 2397 215 2479 longa,
240 2415 322 2478 quae
337 2401 469 2480 propter
486 2403 595 2479 patres
618 2396 726 2460 multis
741 2396 956 2481 legationibus
976 2395 1078 2460 fessos
1096 2401 1127 2459 et
1143 2393 1242 2459 ambi·

106 2498 202 2563 tionis
235 2498 360 2562 urbium
392 2498 553 2564 tollendae
586 2519 681 2562 causa
713 2498 753 2562 ad
786 2501 930 2565 consules
961 2506 1029 2563 erat
1052 2498 1172 2582 delate,
1203 2518 1240 2562 eo

110 2602 213 2678 duxit,
237 2611 273 2668 ut
296 2603 556 2668 confirmarentur
578 2602 707 2688 quidem
721 2603 790 2668 iura
814 2609 845 2667 et
861 2604 1028 2690 priuilegia
1051 2603 1242 2686 templorum

108 2707 150 2770 ab
181 2707 312 2790 urbibus
341 2707 450 2793 petita,
480 2706 536 2771 scd
559 2707 672 2772 modus
696 2707 844 2771 uidelicet
873 2709 983 2773 utendi
1006 2711 1116 2796 asylis,
1147 2734 1242 2798 quem

108 2811 216 2895 egredi
239 2832 303 2875 non
325 2812 443 2891 liceret,
468 2811 745 2896 praescriberetur,
771 2833 841 2875 oum
861 2812 936 2897 ipsis
958 2815 990 2878 in
1014 2817 1150 2901 templis,
1173 2819 1241 2902 qui·

107 2918 168 2981 bus
191 2915 351 3001 asylorum
374 2915 444 2978 iura
467 2915 587 2979 tributa
599 2915 654 2979 -uel
673 2915 858 2980 confirmata
881 2925 997 3002 essent,
1021 2926 1151 2984 senatus
1167 2941 1240 2985 oon·

107 3020 192 3085 sulta
215 3021 255 3083 de
270 3020 366 3105 asylis
382 3040 489 3084 recens
504 3019 589 3083 fact-a
605 3020 713 3084 aeneis
728 3020 845 3085 tabulis
868 3021 1018 3108 inscripta
1033 3024 1131 3109 figere
1146 3026 1241 3095 urbes

102 3123 301 3204 iuberentur,
326 3145 365 3188 ne
382 3124 466 3208 quod
483 3123 646 3187 decretum
663 3131 744 3188 esset
760 3125 1020 3192 obliuiscerentur
1038 3148 1119 3193 neue
1136 3130 1240 3214 specie

106 3228 269 3312 religionis
297 3228 367 3291 iura
396 3226 601 3310 excederent,
630 3229 688 3292 sibi
711 3229 907 3295 uindicantes
938 3237 1064 3316 praeter
1092 3254 1240 3299 concessa

106 3339 238 3398 senatus
262 3332 406 3396 consulto
429 3331 606 3417 priuilegia.

209 3434 304 3499 Unde
326 3442 461 3519 apparet
484 3433 671 3500 Suetonium
695 3458 765 3500 cum
788 3439 905 3503 Tiberii
928 3440 1127 3525 imperatoris
1150 3463 1240 3507 enar·

107 3547 195 3606 raret
227 3540 325 3602 uitam
358 3539 514 3604 errauisse
547 3539 741 3605 dicentem:8
762 3537 911 3607 ‘aboleuit
938 3544 996 3626 (sc.
1020 3545 1179 3628 Tiberius)
1209 3555 1240 3613 et

32 3698 34 3704 .
106 3647 173 3711 uim
195 3663 379 3727 moremque
401 3631 572 3726 asylorum,
596 3665 677 3728 quae
692 3667 792 3730 usque
816 3645 923 3731 erant',
946 3653 1028 3714 teste
1044 3649 1112 3733 ipso
1129 3649 1239 3715 Tacito

211 3889 221 3924 ¹
241 3885 336 3952 Tacit,
354 3901 417 3939 ann.
436 3884 539 3939 11160.

210 3974 259 4026 21.
279 3990 301 4026 c.
321 3972 423 4025 11161.

211 4060 221 4095 ³
239 4061 258 4112 l.
276 4076 299 4112 o.
318 4059 418 4112 11162.

209 4146 330 4206 ⁴Tacit.‚
344 4161 407 4199 ann.
417 4146 461 4199 III
474 4145 521 4200 63:
533 4143 653 4201 ‘auditae
661 4149 776 4202 aliarum
787 4165 895 4218 quoque
908 4151 1059 4203 ciuitatium
1069 4148 1237 4218 legationes'.

209 4232 419 4288 mamm

208 4321 220 4357 ⁶
237 4320 254 4370 l.
274 4334 298 4371 c.
315 4319 356 4371 IV
373 4318 411 4372 14.

208 4407 252 4458 ⁷1.
272 4421 295 4459 c.
314 4403 357 4458 III
377 4405 425 4460 63:
444 4405 479 4458 ‘et
498 4409 562 4474 quia
582 4408 679 4462 studiis
698 4407 875 4462 certabatur’.

207 4491 219 4528 Β
237 4491 360 4552 Sueton.,·
374 4491 434 4544 rib.
452 4489 494 4545 37.
