3180 5178
749 456 959 520 ...66-

288 654 439 735 Isaurico,
469 650 598 716 Ciliciae
628 649 829 734 proconsule,
852 649 907 734 qui
928 649 1011 713 intra
1034 668 1134 714 annos
1157 669 1184 715 a.
1209 647 1282 714 Chr.
1312 649 1341 716 n.
1367 655 1420 718 78.

289 769 322 827 ot
345 763 395 826 76.
419 758 528 844 piratis
549 755 642 820 uictis
666 753 854 838 oppidisque
877 753 984 817 multis
999 752 1116 837 Lyciae
1141 756 1240 838 captis
1262 755 1418 822 isauriam

290 861 494 949 expugnauit.
540 858 714 922 Praeterea
736 863 843 921 autem
867 856 907 920 ad
931 856 1102 920 multorum
1125 859 1258 922 aliorum
1284 857 1419 944 impara-

287 977 392 1034 torum
422 965 641 1030 Romanorum
670 967 904 1024 reuocauerunt
935 959 1135 1043 priuilegium
1166 957 1305 1043 ἀσυλίας,
1333 963 1419 1048 quod

289 1072 368 1138 adeo
383 1067 574 1154 procedente
598 1074 741 1149 tempore
756 1070 883 1127 auctum
907 1070 992 1126 esset
1007 1070 1045 1126 ut
1064 1063 1243 1129 nouaclum
1268 1069 1419 1150 templum

289 1178 401 1261 ipsum,
417 1169 475 1237 sed
492 1169 585 1233 etiam
601 1168 765 1252 peribolus
789 1167 855 1230 eius
875 1166 998 1232 duobus
1022 1167 1150 1232 milibus
1174 1189 1324 1254 passuum
1340 1169 1420 1256 asyli

288 1277 403 1343 finibus
433 1275 706 1359 complecteretur.
763 1269 822 1334 His
857 1270 1046 1334 testimoniis
1079 1273 1128 1335 asi
1162 1274 1329 1357 priuilegia
1363 1297 1420 1338 sua

289 1380 459 1448 defendere
495 1378 600 1441 conati
632 1382 715 1456 sunt,
746 1395 827 1458 quae
860 1375 897 1437 iis
928 1393 1063 1438 unacum
1094 1378 1207 1441 ceteris
1242 1379 1421 1442 ciuitatibus

289 1485 470 1573 petentibus
494 1501 643 1547 concessa
665 1486 741 1543 sunt
763 1479 794 1542 in
816 1480 1011 1562 posterum-¹

393 1591 445 1653 44.
469 1586 613 1650 Sardiani
627 1584 706 1670 asyli
730 1583 778 1646 ius
801 1605 835 1646 se
852 1581 1011 1666 accepisse
1027 1583 1216 1666 profitentur
1231 1585 1270 1648 ab
1283 1586 1422 1651 Alexan-

291 1695 348 1760 dro
371 1694 499 1776 Magno,
532 1710 595 1776 quo
625 1689 714 1751 illum
736 1688 861 1751 Dianae
890 1687 1043 1771 templum
1075 1685 1301 1752 Sardianorum
1330 1711 1422 1754 orna·

291 1801 374 1864 uisse
405 1798 497 1862 docet
520 1793 682 1858 'Pacilus2
722 1791 850 1856 Ἀσυλία
879 1800 986 1855 autern
1010 1795 1129 1877 templo
1154 1794 1206 1874 illi,
1238 1815 1308 1858 cum
1339 1816 1422 1858 anno

291 1905 341 1968 22.
365 1925 395 1988 p.
412 1900 485 1965 Ohr.
508 1921 538 1962 n.
554 1898 681 1963 'liberio
697 1898 873 1980 imperante
894 1897 933 1959 ad
951 1902 1061 1960 uetera
1080 1898 1246 1981 priuilegia
1261 1901 1422 1984 asylorurn

292 2004 492 2070 defendenda
516 2001 659 2066 Sardiani
682 2002 807 2083 legatos
826 2000 983 2064 misissent
1007 1999 1046 2063 ad
1069 2009 1213 2065 senatum
1231 2003 1424 2086 Romanum,

292 2109 398 2174 denuo
420 2109 540 2172 tributa
564 2110 612 2168 est
635 2125 653 2168 a
675 2103 837 2167 Romanis.
881 2101 1005 2167 Dianae
1028 2109 1123 2189 caput
1139 2106 1263 2190 saepius
1287 2109 1425 2171 occurrit

292 2215 324 2277 in
347 2213 485 2277 nummis
508 2205 684 2274 Sardium.⁸
727 2207 879 2271 Eiusdem
895 2207 1030 2270 numinis
1053 2208 1138 2291 apud
1162 2209 1332 2275 Sardianos
1348 2213 1423 2276 culti

292 2317 381 2380 testis
406 2334 532 2399 quoque
556 2318 604 2376 est
626 2309 740 2374 Strabo
750 2312 770 2387 ⁴,
795 2309 966 2373 secundum
999 2331 1092 2396 quem
1116 2312 1260 2377 Sardiani
1288 2315 1423 2380 Dianam

294 2419 534 2486 uenerabantur
551 2413 722 2495 Colelium,
745 2411 812 2492 ‘tric
838 2413 1001 2496 Κολοηνήν
1019 2413 1204 2502 Ἀρτέμιδί,
1227 2420 1316 2482 cuius
1346 2426 1425 2483 tem-

293 2522 383 2608 plum
405 2518 554 2604 ‘papali-aya
575 2517 729 2601 ἁγιστείαν
744 2513 822 2600 ἔχει’.

397 2624 560 2709 Kouara
593 2644 711 2687 nomen
747 2622 839 2684 duxit
872 2644 890 2684 a
922 2624 994 2686 lacu
1025 2622 1180 2705 quodam,
1214 2625 1424 2710 quadraginta

294 2729 396 2797 stadia
424 2727 465 2792 ab
499 2729 576 2792 urbe
609 2726 832 2790 Sardianorum
856 2727 934 2808 sito,
966 2733 1061 2790 antea
1091 2723 1232 2808 ‘Fcyutu’,
1266 2731 1424 2812 posterius

294 2831 420 2916 ιΚολοή’
442 2832 613 2916 appellato,
642 2829 682 2893 ad
713 2850 807 2912 quem
830 2830 952 2893 Dianae
984 2836 1113 2895 nostrae
1146 2832 1300 2915 templum
1329 2841 1426 2918 atque

295 2941 418 3023 asylum
440 2933 598 3030 'exstititss

558 3056 598 3120 ad
622 3078 651 3119 n.
675 3057 725 3119 27.
749 3057 799 3120 28.
824 3057 865 3119 29
889 3056 928 3119 cf.
951 3077 980 3125 11,
1004 3059 1034 3122 8.
1058 3060 1088 3122 5.
1116 3060 1162 3122 16.

777 3263 819 3327 ad
841 3286 869 3327 n.
893 3266 943 3329 30.

523 3419 704 3485 nemun
728 3378 928 3484 1111111111
951 3419 1199 3487 1111111111.
1242 3409 1255 3439 ²

400 3577 449 3641 Ad
474 3576 628 3640 Antonini
651 3576 699 3639 Pii
731 3583 869 3640 aetatem
892 3582 1036 3660 spectant
1058 3576 1172 3642 Mocae
1203 3577 1343 3643 Arabiae
1366 3578 1429 3643 Pe-

296 3691 406 3747 traeae
423 3681 509 3744 urbis
523 3682 637 3770 elogia,
653 3700 734 3764 quae
746 3681 950 3744 inueniuntur
964 3681 995 3743 in
1012 3683 1080 3746 eius
1099 3703 1244 3748 nummo:
1268 3681 1318 3743 ‘M
1321 3679 1428 3747 ΘΚΑ.

298 3784 382 3850 IEP.
408 3783 505 3850 AOY.
523 3781 686 3850 111Το311
710 3790 741 3848 et
755 3785 787 3848 in
812 3806 941 3848 nummo
959 3785 1105 3870 Septimii
1122 3786 1249 3852 Seueri:
1273 3782 1428 3852 ‘Mona

296 3924 501 3934 ——--.....-.

399 3994 409 4028 ¹
428 3993 523 4058 Tacit,
543 4008 604 4044 ann.
624 3990 719 4044 11163
738 3992 764 4043 in
783 3993 842 4045 fine.

399 4079 411 4113 ¹
428 4095 490 4131 ann.
509 4079 553 4130 111
570 4076 612 4132 63.

397 4165 408 4200 ⁸
427 4166 504 4216 uelut
523 4165 595 4231 apud
614 4162 756 4230 Mionnet.‚
776 4166 870 4216 Descr.
890 4163 924 4215 de
944 4163 1012 4217 med.
1032 4165 1125 4232 Suppl.
1139 4165 1192 4216 VII
1211 4181 1237 4232 p.
1256 4167 1302 4218 411
1324 4182 1350 4218 n.
1368 4165 1430 4219 422.

295 4250 347 4305 423
362 4247 427 4303 ‘tete
446 4253 480 4304 dc
498 4251 585 4304 Diane
604 4266 671 4304 aveo
691 4269 736 4305 arc
755 4259 782 4304 el.
800 4248 942 4319 carquois’.

396 4338 515 4391 ⁴Strab.
533 4338 605 4391 XIII
623 4338 638 4388 4
657 4337 672 4403 5
689 4338 706 4392 5
725 4356 752 4406 p.
771 4338 792 4390 b
810 4337 868 4392 626.

399 4425 516 4478 ⁶strab.
535 4427 553 4480 l.
573 4443 596 4479 o.

397 4508 565 4576 lurcones,
585 4513 602 4564 1.
621 4529 643 4564 c.
661 4510 687 4562 V
706 4527 731 4578 p.
750 4509 801 4564 686
818 4528 845 4562 n.
863 4510 915 4578 403
934 4509 1054 4578 Ilokhel„
1073 4512 1089 4563 1.
1110 4527 1131 4563 o.
1150 4511 1195 4564 III
1212 4526 1237 4577 p.
1257 4508 1315 4564 olla
