<?xml version="1.0" encoding="UTF-8"?>
<!DOCTYPE html PUBLIC "-//W3C//DTD XHTML 1.0 Transitional//EN"
    "http://www.w3.org/TR/xhtml1/DTD/xhtml1-transitional.dtd">
<html xmlns="http://www.w3.org/1999/xhtml" xml:lang="en" lang="en">
 <head>
  <title>
</title>
<meta http-equiv="Content-Type" content="text/html;charset=utf-8" />
  <meta name='ocr-system' content='tesseract 3.04.00' />
  <meta name='ocr-capabilities' content='ocr_page ocr_carea ocr_par ocr_line ocrx_word'/>
</head>
<body>
  <div class='ocr_page' id='page_1' title='image "./degraecorumasyl00bartgoog_0018.png"; bbox 0 0 3180 5178; ppageno 0'>
   <div class='ocr_carea' id='block_1_1' title="bbox 778 380 990 443">
    <p class='ocr_par' dir='ltr' id='par_1_1' title="bbox 778 380 990 443">
     <span class='ocr_line' id='line_1_1' title="bbox 778 380 990 443; baseline 0.009 -19"><span class='ocrx_word' id='word_1_1' title='bbox 778 380 990 443; x_wconf 72' lang='lat'>,14-</span> 
     </span>
    </p>
   </div>
   <div class='ocr_carea' id='block_1_2' title="bbox 318 569 1458 969">
    <p class='ocr_par' dir='ltr' id='par_1_2' title="bbox 318 569 1458 969">
     <span class='ocr_line' id='line_1_2' title="bbox 321 569 1454 655; baseline -0.001 -20"><span class='ocrx_word' id='word_1_2' title='bbox 321 570 369 635; x_wconf 92' lang='lat' dir='ltr'>uis</span> <span class='ocrx_word' id='word_1_3' title='bbox 394 569 546 653; x_wconf 87' lang='lat' dir='ltr'>templum</span> <span class='ocrx_word' id='word_1_4' title='bbox 571 575 668 655; x_wconf 88' lang='lat' dir='ltr'>atque</span> <span class='ocrx_word' id='word_1_5' title='bbox 692 569 852 654; x_wconf 80' lang='lat' dir='ltr'>quaelibet</span> <span class='ocrx_word' id='word_1_6' title='bbox 875 569 992 634; x_wconf 88' lang='lat' dir='ltr'>sacella</span> <span class='ocrx_word' id='word_1_7' title='bbox 1015 570 1121 634; x_wconf 87' lang='lat' dir='ltr'>nescio</span> <span class='ocrx_word' id='word_1_8' title='bbox 1146 569 1236 634; x_wconf 90' lang='lat' dir='ltr'>cuius</span> <span class='ocrx_word' id='word_1_9' title='bbox 1252 569 1454 654; x_wconf 88' lang='lat' dir='ltr'>imperatoris</span> 
     </span>
     <span class='ocr_line' id='line_1_3' title="bbox 319 673 1455 758; baseline -0.004 -18"><span class='ocrx_word' id='word_1_10' title='bbox 319 675 439 740; x_wconf 92' lang='lat' dir='ltr'>numini</span> <span class='ocrx_word' id='word_1_11' title='bbox 471 694 568 754; x_wconf 87' lang='lat' dir='ltr'>sacra,</span> <span class='ocrx_word' id='word_1_12' title='bbox 600 675 669 738; x_wconf 89' lang='lat' dir='ltr'>sius</span> <span class='ocrx_word' id='word_1_13' title='bbox 690 674 721 736; x_wconf 93' lang='lat' dir='ltr'>in</span> <span class='ocrx_word' id='word_1_14' title='bbox 745 675 849 752; x_wconf 85' lang='lat' dir='ltr'>Italia,</span> <span class='ocrx_word' id='word_1_15' title='bbox 882 674 950 738; x_wconf 90' lang='lat' dir='ltr'>siue</span> <span class='ocrx_word' id='word_1_16' title='bbox 981 675 1011 737; x_wconf 93' lang='lat' dir='ltr'>in</span> <span class='ocrx_word' id='word_1_17' title='bbox 1035 673 1204 758; x_wconf 88' lang='lat' dir='ltr'>prouinciis</span> <span class='ocrx_word' id='word_1_18' title='bbox 1227 675 1296 756; x_wconf 83' lang='lat' dir='ltr'>sits,</span> <span class='ocrx_word' id='word_1_19' title='bbox 1329 674 1455 758; x_wconf 78' lang='lat' dir='ltr'><strong>asylum</strong></span> 
     </span>
     <span class='ocr_line' id='line_1_4' title="bbox 318 776 1458 863; baseline -0.003 -19"><span class='ocrx_word' id='word_1_20' title='bbox 318 779 413 844; x_wconf 87' lang='lat' dir='ltr'>fucrit</span> <span class='ocrx_word' id='word_1_21' title='bbox 448 799 620 863; x_wconf 88' lang='lat' dir='ltr'>eorumque</span> <span class='ocrx_word' id='word_1_22' title='bbox 654 784 780 842; x_wconf 83' lang='lat' dir='ltr'><strong>statuae</strong></span> <span class='ocrx_word' id='word_1_23' title='bbox 813 785 908 862; x_wconf 88' lang='lat' dir='ltr'>atque</span> <span class='ocrx_word' id='word_1_24' title='bbox 940 778 1062 862; x_wconf 84' lang='lat' dir='ltr'>effigies</span> <span class='ocrx_word' id='word_1_25' title='bbox 1089 776 1236 862; x_wconf 86' lang='lat' dir='ltr'>perfugia</span> <span class='ocrx_word' id='word_1_26' title='bbox 1263 778 1458 861; x_wconf 78' lang='lat' dir='ltr'>exstiterint,</span> 
     </span>
     <span class='ocr_line' id='line_1_5' title="bbox 320 881 1153 969; baseline -0.004 -23"><span class='ocrx_word' id='word_1_27' title='bbox 320 882 433 969; x_wconf 90' lang='lat' dir='ltr'>quibus</span> <span class='ocrx_word' id='word_1_28' title='bbox 457 903 551 948; x_wconf 90' lang='lat' dir='ltr'>omne</span> <span class='ocrx_word' id='word_1_29' title='bbox 575 883 623 946; x_wconf 91' lang='lat' dir='ltr'>ius</span> <span class='ocrx_word' id='word_1_30' title='bbox 646 888 742 967; x_wconf 89' lang='lat' dir='ltr'>atque</span> <span class='ocrx_word' id='word_1_31' title='bbox 764 883 884 946; x_wconf 88' lang='lat' dir='ltr'>iustitia</span> <span class='ocrx_word' id='word_1_32' title='bbox 906 881 1153 966; x_wconf 78' lang='lat' dir='ltr'>opprimebatur.</span> 
     </span>
    </p>
   </div>
   <div class='ocr_carea' id='block_1_3' title="bbox 623 1192 1152 1413">
    <p class='ocr_par' dir='ltr' id='par_1_3' title="bbox 623 1192 1152 1413">
     <span class='ocr_line' id='line_1_6' title="bbox 738 1192 1031 1259; baseline 0.007 -3"><span class='ocrx_word' id='word_1_33' title='bbox 738 1192 778 1256; x_wconf 85' lang='lat' dir='ltr'>ad</span> <span class='ocrx_word' id='word_1_34' title='bbox 802 1214 832 1256; x_wconf 93' lang='lat' dir='ltr'>n.</span> <span class='ocrx_word' id='word_1_35' title='bbox 855 1195 885 1256; x_wconf 89' lang='grc'>4.</span> <span class='ocrx_word' id='word_1_36' title='bbox 909 1195 959 1259; x_wconf 83' lang='grc'>35.</span> <span class='ocrx_word' id='word_1_37' title='bbox 983 1195 1031 1258; x_wconf 92' lang='grc'>41.</span> 
     </span>
     <span class='ocr_line' id='line_1_7' title="bbox 623 1345 1152 1413; baseline 0.002 -1"><span class='ocrx_word' id='word_1_38' title='bbox 623 1347 768 1412; x_wconf 80' lang='lat' dir='ltr'><strong>ASYLA</strong></span> <span class='ocrx_word' id='word_1_39' title='bbox 793 1347 928 1412; x_wconf 80' lang='lat' dir='ltr'>CYPRI</span> <span class='ocrx_word' id='word_1_40' title='bbox 950 1345 1152 1413; x_wconf 80' lang='lat' dir='ltr'>INSULAE.</span> 
     </span>
    </p>
   </div>
   <div class='ocr_carea' id='block_1_4' title="bbox 320 1539 1455 1814">
    <p class='ocr_par' dir='ltr' id='par_1_4' title="bbox 320 1539 1455 1814">
     <span class='ocr_line' id='line_1_8' title="bbox 422 1539 1455 1626; baseline 0.001 -20"><span class='ocrx_word' id='word_1_41' title='bbox 422 1545 451 1607; x_wconf 89' lang='grc'>4.</span> <span class='ocrx_word' id='word_1_42' title='bbox 492 1541 697 1606; x_wconf 85' lang='lat' dir='ltr'>Amathuntis</span> <span class='ocrx_word' id='word_1_43' title='bbox 736 1539 834 1626; x_wconf 81' lang='lat' dir='ltr'>Cypri</span> <span class='ocrx_word' id='word_1_44' title='bbox 871 1539 1005 1625; x_wconf 83' lang='lat' dir='ltr'>asylum,</span> <span class='ocrx_word' id='word_1_45' title='bbox 1042 1539 1082 1603; x_wconf 91' lang='lat' dir='ltr'>ab</span> <span class='ocrx_word' id='word_1_46' title='bbox 1120 1539 1326 1620; x_wconf 78' lang='lat' dir='ltr'>Amathunta,</span> <span class='ocrx_word' id='word_1_47' title='bbox 1366 1542 1455 1607; x_wconf 89' lang='lat' dir='ltr'>urbis</span> 
     </span>
     <span class='ocr_line' id='line_1_9' title="bbox 321 1643 1455 1732; baseline -0.001 -22"><span class='ocrx_word' id='word_1_48' title='bbox 321 1648 419 1732; x_wconf 91' lang='lat' dir='ltr'>ipsius</span> <span class='ocrx_word' id='word_1_49' title='bbox 442 1645 606 1711; x_wconf 87' lang='lat' dir='ltr'>conditore</span> <span class='ocrx_word' id='word_1_50' title='bbox 630 1652 661 1709; x_wconf 89' lang='lat' dir='ltr'>et</span> <span class='ocrx_word' id='word_1_51' title='bbox 685 1644 781 1709; x_wconf 79' lang='lat' dir='ltr'>heroe</span> <span class='ocrx_word' id='word_1_52' title='bbox 814 1645 1005 1724; x_wconf 88' lang='lat' dir='ltr'>institutum,</span> <span class='ocrx_word' id='word_1_53' title='bbox 1035 1650 1172 1708; x_wconf 86' lang='lat' dir='ltr'>testante</span> <span class='ocrx_word' id='word_1_54' title='bbox 1195 1643 1331 1724; x_wconf 82' lang='lat' dir='ltr'>Tacito,¹</span> <span class='ocrx_word' id='word_1_55' title='bbox 1365 1644 1455 1710; x_wconf 91' lang='lat' dir='ltr'>dedi-</span> 
     </span>
     <span class='ocr_line' id='line_1_10' title="bbox 320 1749 887 1814; baseline -0.004 0"><span class='ocrx_word' id='word_1_56' title='bbox 320 1757 425 1814; x_wconf 87' lang='lat' dir='ltr'>catum</span> <span class='ocrx_word' id='word_1_57' title='bbox 448 1749 507 1814; x_wconf 86' lang='lat' dir='ltr'>luit</span> <span class='ocrx_word' id='word_1_58' title='bbox 530 1749 649 1813; x_wconf 88' lang='lat' dir='ltr'>Veneri</span> <span class='ocrx_word' id='word_1_59' title='bbox 672 1749 887 1813; x_wconf 79' lang='lat' dir='ltr'>Amathusiae.</span> 
     </span>
    </p>
   </div>
   <div class='ocr_carea' id='block_1_5' title="bbox 322 1868 1457 2581">
    <p class='ocr_par' dir='ltr' id='par_1_5' title="bbox 322 1868 1457 2581">
     <span class='ocr_line' id='line_1_11' title="bbox 423 1868 1457 1956; baseline -0.001 -20"><span class='ocrx_word' id='word_1_60' title='bbox 423 1874 474 1937; x_wconf 88' lang='lat'>35.</span> <span class='ocrx_word' id='word_1_61' title='bbox 497 1870 642 1934; x_wconf 83' lang='lat' dir='ltr'>Alterum</span> <span class='ocrx_word' id='word_1_62' title='bbox 657 1868 753 1956; x_wconf 79' lang='lat' dir='ltr'>Cypri</span> <span class='ocrx_word' id='word_1_63' title='bbox 768 1870 890 1954; x_wconf 86' lang='lat' dir='ltr'>asylum</span> <span class='ocrx_word' id='word_1_64' title='bbox 906 1869 1144 1933; x_wconf 87' lang='lat' dir='ltr'>celeberrimum</span> <span class='ocrx_word' id='word_1_65' title='bbox 1157 1875 1188 1934; x_wconf 89' lang='lat' dir='ltr'>et</span> <span class='ocrx_word' id='word_1_66' title='bbox 1205 1871 1457 1935; x_wconf 88' lang='lat' dir='ltr'>uetustissimum</span> 
     </span>
     <span class='ocr_line' id='line_1_12' title="bbox 323 1973 1456 2060; baseline -0.004 -16"><span class='ocrx_word' id='word_1_67' title='bbox 323 1985 371 2044; x_wconf 85' lang='lat' dir='ltr'>est</span> <span class='ocrx_word' id='word_1_68' title='bbox 395 1975 530 2040; x_wconf 87' lang='lat' dir='ltr'>Veneris</span> <span class='ocrx_word' id='word_1_69' title='bbox 554 1973 696 2058; x_wconf 89' lang='lat' dir='ltr'>Paphias</span> <span class='ocrx_word' id='word_1_70' title='bbox 730 1973 880 2059; x_wconf 89' lang='lat' dir='ltr'>templum</span> <span class='ocrx_word' id='word_1_71' title='bbox 913 1974 975 2036; x_wconf 88' lang='lat' dir='ltr'>iarn</span> <span class='ocrx_word' id='word_1_72' title='bbox 1008 1973 1152 2058; x_wconf 89' lang='lat' dir='ltr'>mythieis</span> <span class='ocrx_word' id='word_1_73' title='bbox 1186 1975 1382 2060; x_wconf 86' lang='lat' dir='ltr'>temporibus</span> <span class='ocrx_word' id='word_1_74' title='bbox 1414 1977 1456 2040; x_wconf 89' lang='lat' dir='ltr'>ab</span> 
     </span>
     <span class='ocr_line' id='line_1_13' title="bbox 325 2076 1455 2163; baseline -0.002 -18"><span class='ocrx_word' id='word_1_75' title='bbox 325 2081 421 2146; x_wconf 72' lang='lat' dir='ltr'>Aeria</span> <span class='ocrx_word' id='word_1_76' title='bbox 443 2100 520 2162; x_wconf 84' lang='lat' dir='ltr'>rege</span> <span class='ocrx_word' id='word_1_77' title='bbox 542 2077 725 2158; x_wconf 73' lang='lat' dir='ltr'>statutum,2</span> <span class='ocrx_word' id='word_1_78' title='bbox 747 2083 837 2160; x_wconf 86' lang='lat' dir='ltr'>patre</span> <span class='ocrx_word' id='word_1_79' title='bbox 861 2076 1073 2141; x_wconf 88' lang='lat' dir='ltr'>Amathuntis.</span> <span class='ocrx_word' id='word_1_80' title='bbox 1097 2077 1225 2142; x_wconf 83' lang='lat' dir='ltr'>Tacitus</span> <span class='ocrx_word' id='word_1_81' title='bbox 1249 2078 1289 2142; x_wconf 87' lang='lat' dir='ltr'>de</span> <span class='ocrx_word' id='word_1_82' title='bbox 1309 2099 1346 2143; x_wconf 90' lang='lat' dir='ltr'>eo</span> <span class='ocrx_word' id='word_1_83' title='bbox 1363 2080 1455 2163; x_wconf 90' lang='lat' dir='ltr'>asylo</span> 
     </span>
     <span class='ocr_line' id='line_1_14' title="bbox 322 2179 1456 2268; baseline -0.003 -19"><span class='ocrx_word' id='word_1_84' title='bbox 322 2187 402 2249; x_wconf 90' lang='lat' dir='ltr'>haec</span> <span class='ocrx_word' id='word_1_85' title='bbox 417 2182 531 2247; x_wconf 90' lang='lat' dir='ltr'>tradit:</span> <span class='ocrx_word' id='word_1_86' title='bbox 564 2179 665 2245; x_wconf 83' lang='lat' dir='ltr'>‘Exim</span> <span class='ocrx_word' id='word_1_87' title='bbox 688 2179 795 2266; x_wconf 82' lang='lat' dir='ltr'>Cyprii</span> <span class='ocrx_word' id='word_1_88' title='bbox 818 2181 918 2244; x_wconf 89' lang='lat' dir='ltr'>tribus</span> <span class='ocrx_word' id='word_1_89' title='bbox 940 2181 980 2244; x_wconf 86' lang='lat' dir='ltr'>de</span> <span class='ocrx_word' id='word_1_90' title='bbox 1003 2181 1142 2246; x_wconf 87' lang='lat' dir='ltr'>delubris</span> <span class='ocrx_word' id='word_1_91' title='bbox 1166 2180 1223 2265; x_wconf 85' lang='lat' dir='ltr'>(sc.</span> <span class='ocrx_word' id='word_1_92' title='bbox 1247 2181 1456 2268; x_wconf 84' lang='lat' dir='ltr'>referebant),</span> 
     </span>
     <span class='ocr_line' id='line_1_15' title="bbox 323 2283 1457 2375; baseline -0.001 -22"><span class='ocrx_word' id='word_1_93' title='bbox 323 2309 457 2375; x_wconf 86' lang='lat' dir='ltr'>quorum</span> <span class='ocrx_word' id='word_1_94' title='bbox 482 2286 733 2350; x_wconf 89' lang='lat' dir='ltr'>uetustissimum</span> <span class='ocrx_word' id='word_1_95' title='bbox 754 2285 897 2368; x_wconf 88' lang='lat' dir='ltr'>Paphiae</span> <span class='ocrx_word' id='word_1_96' title='bbox 921 2283 1039 2349; x_wconf 86' lang='lat' dir='ltr'>Veneri</span> <span class='ocrx_word' id='word_1_97' title='bbox 1062 2293 1172 2351; x_wconf 87' lang='lat' dir='ltr'>auctor</span> <span class='ocrx_word' id='word_1_98' title='bbox 1195 2286 1317 2351; x_wconf 68' lang='lat' dir='ltr'>Aerias.</span> <span class='ocrx_word' id='word_1_99' title='bbox 1350 2285 1457 2352; x_wconf 83' lang='lat' dir='ltr'>Simu-</span> 
     </span>
     <span class='ocr_line' id='line_1_16' title="bbox 322 2387 1456 2474; baseline 0 -18"><span class='ocrx_word' id='word_1_100' title='bbox 322 2394 443 2457; x_wconf 87' lang='lat' dir='ltr'>lacrum</span> <span class='ocrx_word' id='word_1_101' title='bbox 467 2396 572 2454; x_wconf 87' lang='lat' dir='ltr'>autem</span> <span class='ocrx_word' id='word_1_102' title='bbox 596 2387 676 2454; x_wconf 76' lang='lat' dir='ltr'>deae</span> <span class='ocrx_word' id='word_1_103' title='bbox 699 2388 904 2472; x_wconf 80' lang='lat' dir='ltr'>Paphiorum,</span> <span class='ocrx_word' id='word_1_104' title='bbox 939 2410 1019 2474; x_wconf 87' lang='lat' dir='ltr'>quae</span> <span class='ocrx_word' id='word_1_105' title='bbox 1042 2398 1119 2452; x_wconf 87' lang='lat' dir='ltr'>nata</span> <span class='ocrx_word' id='word_1_106' title='bbox 1142 2390 1220 2452; x_wconf 89' lang='lat' dir='ltr'>mari</span> <span class='ocrx_word' id='word_1_107' title='bbox 1242 2392 1377 2474; x_wconf 90' lang='lat' dir='ltr'>primum</span> <span class='ocrx_word' id='word_1_108' title='bbox 1410 2392 1456 2456; x_wconf 91' lang='lat' dir='ltr'>ibi</span> 
     </span>
     <span class='ocr_line' id='line_1_17' title="bbox 325 2481 1456 2581; baseline 0.001 -21"><span class='ocrx_word' id='word_1_109' title='bbox 325 2481 485 2581; x_wconf 80' lang='lat' dir='ltr'>appulisse</span> <span class='ocrx_word' id='word_1_110' title='bbox 510 2494 633 2569; x_wconf 75' lang='lat' dir='ltr'>dicitur,</span> <span class='ocrx_word' id='word_1_111' title='bbox 658 2514 719 2557; x_wconf 91' lang='lat' dir='ltr'>non</span> <span class='ocrx_word' id='word_1_112' title='bbox 745 2492 850 2577; x_wconf 81' lang='lat' dir='ltr'>effigie</span> <span class='ocrx_word' id='word_1_113' title='bbox 866 2494 1022 2574; x_wconf 78' lang='lat' dir='ltr'>humana3</span> <span class='ocrx_word' id='word_1_114' title='bbox 1048 2494 1215 2558; x_wconf 90' lang='lat' dir='ltr'>continuus</span> <span class='ocrx_word' id='word_1_115' title='bbox 1239 2495 1323 2559; x_wconf 89' lang='lat' dir='ltr'>orbis</span> <span class='ocrx_word' id='word_1_116' title='bbox 1339 2496 1456 2561; x_wconf 88' lang='lat' dir='ltr'>latiore</span> 
     </span>
    </p>
   </div>
   <div class='ocr_carea' id='block_1_6' title="bbox 323 2595 1460 2789">
    <p class='ocr_par' dir='ltr' id='par_1_6' title="bbox 323 2595 1460 2789">
     <span class='ocr_line' id='line_1_18' title="bbox 323 2595 1460 2680; baseline -0.001 -16"><span class='ocrx_word' id='word_1_117' title='bbox 323 2601 412 2664; x_wconf 89' lang='lat' dir='ltr'>initio</span> <span class='ocrx_word' id='word_1_118' title='bbox 436 2608 563 2664; x_wconf 90' lang='lat' dir='ltr'>tenuem</span> <span class='ocrx_word' id='word_1_119' title='bbox 586 2599 614 2660; x_wconf 94' lang='lat' dir='ltr'>in</span> <span class='ocrx_word' id='word_1_120' title='bbox 641 2597 805 2678; x_wconf 89' lang='lat' dir='ltr'>ambitum,</span> <span class='ocrx_word' id='word_1_121' title='bbox 829 2604 931 2659; x_wconf 88' lang='lat' dir='ltr'>metae</span> <span class='ocrx_word' id='word_1_122' title='bbox 957 2596 1051 2660; x_wconf 85' lang='lat' dir='ltr'>ruodo</span> <span class='ocrx_word' id='word_1_123' title='bbox 1077 2595 1270 2680; x_wconf 76' lang='lat' dir='ltr'>exsurgens’</span> <span class='ocrx_word' id='word_1_124' title='bbox 1291 2605 1327 2662; x_wconf 93' lang='lat' dir='ltr'>ut</span> <span class='ocrx_word' id='word_1_125' title='bbox 1348 2598 1380 2663; x_wconf 91' lang='lat' dir='ltr'>id</span> <span class='ocrx_word' id='word_1_126' title='bbox 1403 2600 1460 2664; x_wconf 87' lang='lat' dir='ltr'>de-</span> 
     </span>
     <span class='ocr_line' id='line_1_19' title="bbox 326 2700 733 2789; baseline -0.007 -21"><span class='ocrx_word' id='word_1_127' title='bbox 326 2704 452 2789; x_wconf 84' lang='lat' dir='ltr'>scripsit</span> <span class='ocrx_word' id='word_1_128' title='bbox 474 2703 557 2766; x_wconf 88' lang='lat' dir='ltr'>idern</span> <span class='ocrx_word' id='word_1_129' title='bbox 580 2700 733 2766; x_wconf 75' lang='lat' dir='ltr'>Tacitus.3</span> 
     </span>
    </p>
   </div>
   <div class='ocr_carea' id='block_1_7' title="bbox 322 2821 1458 3740">
    <p class='ocr_par' dir='ltr' id='par_1_7' title="bbox 323 2821 1458 3218">
     <span class='ocr_line' id='line_1_20' title="bbox 426 2821 1458 2910; baseline 0.002 -21"><span class='ocrx_word' id='word_1_130' title='bbox 426 2828 477 2890; x_wconf 93' lang='grc'>41.</span> <span class='ocrx_word' id='word_1_131' title='bbox 502 2823 645 2889; x_wconf 85' lang='lat' dir='ltr'>Tertium</span> <span class='ocrx_word' id='word_1_132' title='bbox 677 2824 799 2910; x_wconf 88' lang='lat' dir='ltr'>asylum</span> <span class='ocrx_word' id='word_1_133' title='bbox 831 2830 879 2886; x_wconf 89' lang='lat' dir='ltr'>est</span> <span class='ocrx_word' id='word_1_134' title='bbox 902 2821 995 2886; x_wconf 85' lang='lat' dir='ltr'>Jouis</span> <span class='ocrx_word' id='word_1_135' title='bbox 1019 2821 1192 2904; x_wconf 82' lang='lat' dir='ltr'>Salaminii,</span> <span class='ocrx_word' id='word_1_136' title='bbox 1225 2825 1313 2889; x_wconf 88' lang='lat' dir='ltr'>cuius</span> <span class='ocrx_word' id='word_1_137' title='bbox 1344 2835 1458 2891; x_wconf 90' lang='lat' dir='ltr'>auctor</span> 
     </span>
     <span class='ocr_line' id='line_1_21' title="bbox 323 2925 1456 3014; baseline -0.001 -19"><span class='ocrx_word' id='word_1_138' title='bbox 323 2936 370 2996; x_wconf 87' lang='lat' dir='ltr'>est</span> <span class='ocrx_word' id='word_1_139' title='bbox 393 2929 554 3007; x_wconf 71' lang='lat' dir='ltr'>Teucer;⁴</span> <span class='ocrx_word' id='word_1_140' title='bbox 587 2929 640 3012; x_wconf 94' lang='lat' dir='ltr'>qui</span> <span class='ocrx_word' id='word_1_141' title='bbox 664 2926 756 2990; x_wconf 90' lang='lat' dir='ltr'>heros</span> <span class='ocrx_word' id='word_1_142' title='bbox 787 2925 939 3011; x_wconf 82' lang='lat' dir='ltr'>perfugus</span> <span class='ocrx_word' id='word_1_143' title='bbox 970 2927 1015 2989; x_wconf 86' lang='lat' dir='ltr'>ira</span> <span class='ocrx_word' id='word_1_144' title='bbox 1039 2926 1233 3011; x_wconf 79' lang='lat' dir='ltr'>Telamonis,</span> <span class='ocrx_word' id='word_1_145' title='bbox 1267 2931 1366 3014; x_wconf 84' lang='lat' dir='ltr'>patris</span> <span class='ocrx_word' id='word_1_146' title='bbox 1395 2932 1456 3013; x_wconf 91' lang='lat' dir='ltr'>sui,</span> 
     </span>
     <span class='ocr_line' id='line_1_22' title="bbox 323 3030 1456 3117; baseline 0.002 -20"><span class='ocrx_word' id='word_1_147' title='bbox 323 3036 354 3098; x_wconf 91' lang='lat' dir='ltr'>in</span> <span class='ocrx_word' id='word_1_148' title='bbox 380 3032 487 3117; x_wconf 81' lang='lat' dir='ltr'>Cypro</span> <span class='ocrx_word' id='word_1_149' title='bbox 511 3052 624 3096; x_wconf 86' lang='lat' dir='ltr'>nouam</span> <span class='ocrx_word' id='word_1_150' title='bbox 649 3031 919 3094; x_wconf 86' lang='lat' dir='ltr'>condiditurbem</span> <span class='ocrx_word' id='word_1_151' title='bbox 942 3030 1102 3093; x_wconf 86' lang='lat' dir='ltr'>Salamina</span> <span class='ocrx_word' id='word_1_152' title='bbox 1125 3031 1230 3115; x_wconf 87' lang='lat' dir='ltr'>ibique</span> <span class='ocrx_word' id='word_1_153' title='bbox 1254 3033 1347 3098; x_wconf 86' lang='lat' dir='ltr'>Jouis</span> <span class='ocrx_word' id='word_1_154' title='bbox 1365 3034 1456 3100; x_wconf 83' lang='lat' dir='ltr'>Sala-</span> 
     </span>
     <span class='ocr_line' id='line_1_23' title="bbox 324 3134 1387 3218; baseline 0.001 -17"><span class='ocrx_word' id='word_1_155' title='bbox 324 3139 409 3202; x_wconf 90' lang='lat' dir='ltr'>minii</span> <span class='ocrx_word' id='word_1_156' title='bbox 433 3137 552 3200; x_wconf 87' lang='lat' dir='ltr'>cultum</span> <span class='ocrx_word' id='word_1_157' title='bbox 575 3135 711 3199; x_wconf 88' lang='lat' dir='ltr'>instituit</span> <span class='ocrx_word' id='word_1_158' title='bbox 735 3140 766 3198; x_wconf 87' lang='lat' dir='ltr'>et</span> <span class='ocrx_word' id='word_1_159' title='bbox 788 3134 869 3218; x_wconf 88' lang='lat' dir='ltr'>asyli</span> <span class='ocrx_word' id='word_1_160' title='bbox 892 3135 960 3198; x_wconf 88' lang='lat' dir='ltr'>inre</span> <span class='ocrx_word' id='word_1_161' title='bbox 983 3135 1136 3217; x_wconf 89' lang='lat' dir='ltr'>templum</span> <span class='ocrx_word' id='word_1_162' title='bbox 1160 3136 1227 3200; x_wconf 89' lang='lat' dir='ltr'>cius</span> <span class='ocrx_word' id='word_1_163' title='bbox 1252 3139 1387 3204; x_wconf 86' lang='lat' dir='ltr'>ornauit.</span> 
     </span>
    </p>

    <p class='ocr_par' dir='ltr' id='par_1_8' title="bbox 322 3237 1456 3740">
     <span class='ocr_line' id='line_1_24' title="bbox 426 3237 1456 3326; baseline 0.002 -22"><span class='ocrx_word' id='word_1_164' title='bbox 426 3239 617 3304; x_wconf 80' lang='lat' dir='ltr'>Floruerunt</span> <span class='ocrx_word' id='word_1_165' title='bbox 641 3239 720 3303; x_wconf 88' lang='lat' dir='ltr'>haec</span> <span class='ocrx_word' id='word_1_166' title='bbox 743 3239 802 3302; x_wconf 90' lang='lat' dir='ltr'>tria</span> <span class='ocrx_word' id='word_1_167' title='bbox 819 3239 908 3322; x_wconf 89' lang='lat' dir='ltr'>asyla</span> <span class='ocrx_word' id='word_1_168' title='bbox 930 3237 1004 3300; x_wconf 90' lang='lat' dir='ltr'>inde</span> <span class='ocrx_word' id='word_1_169' title='bbox 1028 3239 1067 3302; x_wconf 88' lang='lat' dir='ltr'>ab</span> <span class='ocrx_word' id='word_1_170' title='bbox 1085 3239 1309 3323; x_wconf 89' lang='lat' dir='ltr'>antiquissimis</span> <span class='ocrx_word' id='word_1_171' title='bbox 1333 3250 1456 3326; x_wconf 90' lang='lat' dir='ltr'>tempo·</span> 
     </span>
     <span class='ocr_line' id='line_1_25' title="bbox 322 3343 1455 3432; baseline 0.004 -24"><span class='ocrx_word' id='word_1_172' title='bbox 322 3346 410 3409; x_wconf 87' lang='lat' dir='ltr'>ribus</span> <span class='ocrx_word' id='word_1_173' title='bbox 434 3352 465 3408; x_wconf 87' lang='lat' dir='ltr'>et</span> <span class='ocrx_word' id='word_1_174' title='bbox 488 3349 759 3409; x_wconf 87' lang='lat' dir='ltr'>conseruancrunt</span> <span class='ocrx_word' id='word_1_175' title='bbox 782 3343 950 3427; x_wconf 87' lang='lat' dir='ltr'>priuilegia</span> <span class='ocrx_word' id='word_1_176' title='bbox 971 3364 1029 3406; x_wconf 89' lang='lat' dir='ltr'>sua</span> <span class='ocrx_word' id='word_1_177' title='bbox 1045 3343 1201 3426; x_wconf 87' lang='lat' dir='ltr'>usquead</span> <span class='ocrx_word' id='word_1_178' title='bbox 1218 3343 1334 3410; x_wconf 87' lang='lat' dir='ltr'>Tiberii</span> <span class='ocrx_word' id='word_1_179' title='bbox 1357 3346 1455 3432; x_wconf 86' lang='lat' dir='ltr'>impe·</span> 
     </span>
     <span class='ocr_line' id='line_1_26' title="bbox 323 3446 1453 3536; baseline 0.005 -24"><span class='ocrx_word' id='word_1_180' title='bbox 323 3449 436 3513; x_wconf 89' lang='lat' dir='ltr'>ratoris</span> <span class='ocrx_word' id='word_1_181' title='bbox 459 3455 609 3516; x_wconf 89' lang='lat' dir='ltr'>aetatem.</span> <span class='ocrx_word' id='word_1_182' title='bbox 654 3447 705 3512; x_wconf 93' lang='lat' dir='ltr'>De</span> <span class='ocrx_word' id='word_1_183' title='bbox 728 3469 839 3512; x_wconf 91' lang='lat' dir='ltr'>eorum</span> <span class='ocrx_word' id='word_1_184' title='bbox 862 3448 930 3509; x_wconf 89' lang='lat' dir='ltr'>iure</span> <span class='ocrx_word' id='word_1_185' title='bbox 954 3446 1032 3531; x_wconf 88' lang='lat' dir='ltr'>asyli</span> <span class='ocrx_word' id='word_1_186' title='bbox 1056 3453 1162 3510; x_wconf 89' lang='lat' dir='ltr'>autem</span> <span class='ocrx_word' id='word_1_187' title='bbox 1187 3446 1296 3533; x_wconf 74' lang='lat' dir='ltr'>Cyprii</span> <span class='ocrx_word' id='word_1_188' title='bbox 1313 3471 1397 3514; x_wconf 90' lang='lat' dir='ltr'>anno</span> <span class='ocrx_word' id='word_1_189' title='bbox 1422 3473 1453 3536; x_wconf 92' lang='lat' dir='ltr'>p.</span> 
     </span>
     <span class='ocr_line' id='line_1_27' title="bbox 324 3550 1456 3636; baseline 0.002 -20"><span class='ocrx_word' id='word_1_190' title='bbox 324 3551 397 3618; x_wconf 80' lang='lat' dir='ltr'>Chr.</span> <span class='ocrx_word' id='word_1_191' title='bbox 420 3574 450 3617; x_wconf 95' lang='lat' dir='ltr'>n.</span> <span class='ocrx_word' id='word_1_192' title='bbox 473 3555 524 3617; x_wconf 84' lang='lat'>22.</span> <span class='ocrx_word' id='word_1_193' title='bbox 548 3553 731 3618; x_wconf 86' lang='lat' dir='ltr'>referebant</span> <span class='ocrx_word' id='word_1_194' title='bbox 753 3551 793 3614; x_wconf 86' lang='lat' dir='ltr'>ad</span> <span class='ocrx_word' id='word_1_195' title='bbox 818 3557 976 3632; x_wconf 86' lang='lat' dir='ltr'>senatum,</span> <span class='ocrx_word' id='word_1_196' title='bbox 1006 3570 1110 3634; x_wconf 89' lang='lat' dir='ltr'>aquo</span> <span class='ocrx_word' id='word_1_197' title='bbox 1134 3550 1239 3616; x_wconf 87' lang='lat' dir='ltr'>denuo</span> <span class='ocrx_word' id='word_1_198' title='bbox 1263 3553 1456 3636; x_wconf 83' lang='lat' dir='ltr'>impetraue-</span> 
     </span>
     <span class='ocr_line' id='line_1_28' title="bbox 322 3652 1027 3740; baseline -0.004 -21"><span class='ocrx_word' id='word_1_199' title='bbox 322 3662 396 3719; x_wconf 90' lang='lat' dir='ltr'>runt</span> <span class='ocrx_word' id='word_1_200' title='bbox 419 3652 547 3719; x_wconf 78' lang='grc' dir='ltr'><em>ἀσυλίαν</em></span> <span class='ocrx_word' id='word_1_201' title='bbox 570 3656 759 3740; x_wconf 87' lang='lat' dir='ltr'>templorum</span> <span class='ocrx_word' id='word_1_202' title='bbox 782 3655 813 3718; x_wconf 90' lang='lat' dir='ltr'>in</span> <span class='ocrx_word' id='word_1_203' title='bbox 838 3653 1027 3736; x_wconf 80' lang='lat' dir='ltr'>posterum.⁵</span> 
     </span>
    </p>
   </div>
   <div class='ocr_carea' id='block_1_8' title="bbox 425 3912 1457 4072">
    <p class='ocr_par' dir='ltr' id='par_1_9' title="bbox 425 3912 1457 4072">
     <span class='ocr_line' id='line_1_29' title="bbox 428 3912 1290 3980; baseline 0.001 -14"><span class='ocrx_word' id='word_1_204' title='bbox 428 3913 437 3950; x_wconf 85' lang='lat'><strong>¹</strong></span> <span class='ocrx_word' id='word_1_205' title='bbox 457 3915 553 3980; x_wconf 82' lang='lat' dir='ltr'>Tacit,</span> <span class='ocrx_word' id='word_1_206' title='bbox 573 3931 634 3966; x_wconf 89' lang='lat' dir='ltr'>ann.</span> <span class='ocrx_word' id='word_1_207' title='bbox 653 3912 756 3967; x_wconf 73' lang='lat'>11162.</span> <span class='ocrx_word' id='word_1_208' title='bbox 1288 3953 1290 3956; x_wconf 90' lang='lat'>-</span> 
     </span>
     <span class='ocr_line' id='line_1_30' title="bbox 425 3999 1457 4072; baseline 0.006 -19"><span class='ocrx_word' id='word_1_209' title='bbox 425 4003 437 4036; x_wconf 76' lang='lat'>²</span> <span class='ocrx_word' id='word_1_210' title='bbox 456 3999 529 4068; x_wconf 91' lang='lat' dir='ltr'>quod</span> <span class='ocrx_word' id='word_1_211' title='bbox 548 4003 665 4052; x_wconf 81' lang='lat' dir='ltr'>testatur</span> <span class='ocrx_word' id='word_1_212' title='bbox 684 4002 773 4052; x_wconf 89' lang='lat' dir='ltr'>altero</span> <span class='ocrx_word' id='word_1_213' title='bbox 793 4017 902 4069; x_wconf 89' lang='lat' dir='ltr'>quoque</span> <span class='ocrx_word' id='word_1_214' title='bbox 921 4002 983 4053; x_wconf 90' lang='lat' dir='ltr'>loeo</span> <span class='ocrx_word' id='word_1_215' title='bbox 1002 4001 1114 4056; x_wconf 81' lang='lat' dir='ltr'>Tacitus</span> <span class='ocrx_word' id='word_1_216' title='bbox 1133 4001 1207 4068; x_wconf 85' lang='lat' dir='ltr'>(hist.</span> <span class='ocrx_word' id='word_1_217' title='bbox 1226 4004 1254 4055; x_wconf 87' lang='lat'>11</span> <span class='ocrx_word' id='word_1_218' title='bbox 1273 4003 1289 4056; x_wconf 78' lang='lat'><strong>2</strong></span> <span class='ocrx_word' id='word_1_219' title='bbox 1308 4007 1335 4056; x_wconf 88' lang='lat' dir='ltr'>et</span> <span class='ocrx_word' id='word_1_220' title='bbox 1352 4003 1390 4072; x_wconf 83' lang='lat'>3),</span> <span class='ocrx_word' id='word_1_221' title='bbox 1410 4007 1457 4059; x_wconf 89' lang='lat' dir='ltr'>ubi</span> 
     </span>
    </p>
   </div>
   <div class='ocr_carea' id='block_1_9' title="bbox 219 4085 1457 4160">
    <p class='ocr_par' dir='ltr' id='par_1_10' title="bbox 219 4085 1457 4160">
     <span class='ocr_line' id='line_1_31' title="bbox 219 4085 1457 4160; baseline 0.005 -22"><span class='ocrx_word' id='word_1_222' title='bbox 219 4149 223 4160; x_wconf 76' lang='lat'>.</span> <span class='ocrx_word' id='word_1_223' title='bbox 324 4086 357 4138; x_wconf 87' lang='lat' dir='ltr'>ds</span> <span class='ocrx_word' id='word_1_224' title='bbox 376 4087 491 4139; x_wconf 86' lang='lat' dir='ltr'>Veneris</span> <span class='ocrx_word' id='word_1_225' title='bbox 511 4087 632 4154; x_wconf 88' lang='lat' dir='ltr'>Paphiae</span> <span class='ocrx_word' id='word_1_226' title='bbox 651 4087 793 4153; x_wconf 78' lang='lat' dir='ltr'>religionis</span> <span class='ocrx_word' id='word_1_227' title='bbox 813 4087 897 4138; x_wconf 88' lang='lat' dir='ltr'>initiis</span> <span class='ocrx_word' id='word_1_228' title='bbox 918 4085 964 4150; x_wconf 75' lang='lat' dir='ltr'>(ab</span> <span class='ocrx_word' id='word_1_229' title='bbox 983 4089 1066 4140; x_wconf 69' lang='lat' dir='ltr'>Atria</span> <span class='ocrx_word' id='word_1_230' title='bbox 1092 4105 1156 4156; x_wconf 86' lang='lat' dir='ltr'>rege</span> <span class='ocrx_word' id='word_1_231' title='bbox 1175 4088 1285 4156; x_wconf 87' lang='lat' dir='ltr'>ductis),</span> <span class='ocrx_word' id='word_1_232' title='bbox 1310 4091 1342 4142; x_wconf 89' lang='lat' dir='ltr'>de</span> <span class='ocrx_word' id='word_1_233' title='bbox 1362 4093 1457 4158; x_wconf 87' lang='lat' dir='ltr'>templi</span> 
     </span>
    </p>
   </div>
   <div class='ocr_carea' id='block_1_10' title="bbox 325 4171 1136 4500">
    <p class='ocr_par' dir='ltr' id='par_1_11' title="bbox 325 4171 1136 4500">
     <span class='ocr_line' id='line_1_32' title="bbox 325 4171 1136 4240; baseline 0.005 -18"><span class='ocrx_word' id='word_1_234' title='bbox 325 4171 394 4225; x_wconf 89' lang='lat' dir='ltr'>deae</span> <span class='ocrx_word' id='word_1_235' title='bbox 413 4174 511 4238; x_wconf 76' lang='lat' dir='ltr'>forma,</span> <span class='ocrx_word' id='word_1_236' title='bbox 530 4171 563 4225; x_wconf 89' lang='lat' dir='ltr'>de</span> <span class='ocrx_word' id='word_1_237' title='bbox 582 4173 653 4225; x_wconf 85' lang='lat' dir='ltr'>sacri</span> <span class='ocrx_word' id='word_1_238' title='bbox 673 4173 795 4226; x_wconf 84' lang='lat' dir='ltr'>faciendi</span> <span class='ocrx_word' id='word_1_239' title='bbox 812 4173 867 4224; x_wconf 86' lang='lat' dir='ltr'>ritu</span> <span class='ocrx_word' id='word_1_240' title='bbox 885 4174 980 4240; x_wconf 86' lang='lat' dir='ltr'>paucis</span> <span class='ocrx_word' id='word_1_241' title='bbox 1000 4173 1136 4227; x_wconf 86' lang='lat' dir='ltr'>disseruit.</span> 
     </span>
     <span class='ocr_line' id='line_1_33' title="bbox 427 4258 722 4326; baseline -0.003 -15"><span class='ocrx_word' id='word_1_242' title='bbox 427 4258 438 4294; x_wconf 81' lang='lat'>³</span> <span class='ocrx_word' id='word_1_243' title='bbox 455 4259 551 4326; x_wconf 80' lang='lat' dir='ltr'>Tacit,</span> <span class='ocrx_word' id='word_1_244' title='bbox 569 4259 632 4311; x_wconf 90' lang='lat' dir='ltr'>hist.</span> <span class='ocrx_word' id='word_1_245' title='bbox 651 4260 680 4311; x_wconf 91' lang='lat'>11</span> <span class='ocrx_word' id='word_1_246' title='bbox 698 4259 722 4313; x_wconf 83' lang='lat'>3.</span> 
     </span>
     <span class='ocr_line' id='line_1_34' title="bbox 427 4343 758 4410; baseline 0.006 -13"><span class='ocrx_word' id='word_1_247' title='bbox 427 4343 440 4379; x_wconf 78' lang='lat'>⁴</span> <span class='ocrx_word' id='word_1_248' title='bbox 457 4346 554 4410; x_wconf 79' lang='lat' dir='ltr'>Tacit,</span> <span class='ocrx_word' id='word_1_249' title='bbox 573 4362 634 4398; x_wconf 87' lang='lat' dir='ltr'>ann.</span> <span class='ocrx_word' id='word_1_250' title='bbox 654 4345 758 4399; x_wconf 78' lang='lat'>11162.</span> 
     </span>
     <span class='ocr_line' id='line_1_35' title="bbox 428 4431 874 4500; baseline 0.007 -16"><span class='ocrx_word' id='word_1_251' title='bbox 428 4433 438 4468; x_wconf 76' lang='lat'><strong>⁶</strong></span> <span class='ocrx_word' id='word_1_252' title='bbox 455 4432 550 4500; x_wconf 79' lang='lat' dir='ltr'>Tacit,</span> <span class='ocrx_word' id='word_1_253' title='bbox 570 4449 632 4485; x_wconf 88' lang='lat' dir='ltr'>ann.</span> <span class='ocrx_word' id='word_1_254' title='bbox 652 4432 696 4485; x_wconf 92' lang='lat' dir='ltr'>III</span> <span class='ocrx_word' id='word_1_255' title='bbox 713 4431 748 4486; x_wconf 81' lang='lat'>63</span> <span class='ocrx_word' id='word_1_256' title='bbox 765 4431 793 4485; x_wconf 86' lang='lat' dir='ltr'>iu</span> <span class='ocrx_word' id='word_1_257' title='bbox 812 4433 874 4487; x_wconf 87' lang='lat' dir='ltr'>fine.</span> 
     </span>
    </p>
   </div>
   <div class='ocr_carea' id='block_1_11' title="bbox 0 0 1599 5178">
    <p class='ocr_par' dir='ltr' id='par_1_12' title="bbox 0 0 1599 5178">
     <span class='ocr_line' id='line_1_36' title="bbox 0 0 1599 5178; baseline 0 0"><span class='ocrx_word' id='word_1_258' title='bbox 0 0 1599 5178; x_wconf 95' lang='lat' dir='ltr'> </span> 
     </span>
    </p>
   </div>
  </div>
 </body>
</html>
