3180 5178
776 499 963 562 ..53-

304 688 488 770 praesertim
511 707 581 749 oum
605 707 655 749 res
677 685 870 749 Graecorum
898 685 1082 750 domesticas
1105 693 1172 749 tum
1195 689 1343 770 temporis
1369 711 1433 760 non

304 791 364 873 ipsi
381 789 505 872 Graeci,
527 787 583 852 sed
605 788 659 852 alii
681 789 790 873 populi
807 790 918 863 exteri,
935 787 1122 853 Macedones
1145 810 1314 875 eorumque
1330 812 1434 874 reges,

305 893 440 977 denique
455 892 592 956 Romani
616 892 865 957 moderarentur.
911 890 974 954 Sed
996 913 1066 956 cum
1083 892 1232 956 Teiorum
1249 895 1370 978 asylum
1386 897 1433 959 in-

303 999 448 1061 stitutum
469 1003 552 1061 esset
575 1018 594 1060 a
617 997 713 1080 Tafis,
743 997 946 1080 praecipuum
976 999 1115 1061 omnium
1145 1019 1251 1061 rerum
1281 998 1431 1062 iudicium

306 1121 369 1164 non
392 1101 456 1164 iam
479 1107 547 1164 erat
570 1101 709 1183 Graecis,
733 1121 863 1185 quorum
886 1101 1030 1164 ciuitates
1061 1107 1093 1164 et
1115 1101 1208 1164 urbes
1234 1108 1309 1185 quot
1333 1109 1433 1174 eraut,

303 1210 350 1267 tot
381 1205 443 1268 suis
473 1204 597 1287 legibus
627 1203 807 1284 utebantur,
839 1203 894 1267 sed
917 1204 1036 1267 multae
1068 1205 1151 1267 inter
1182 1225 1216 1268 se
1247 1206 1434 1287 pugnabant

304 1314 415 1391 gentes
442 1313 538 1393 atque
570 1309 713 1372 nationes
742 1314 871 1372 exterae
895 1307 1023 1372 Graecis
1052 1330 1180 1392 prorsus
1211 1310 1362 1392 neglectis
1392 1311 1432 1374 de
1535 1317 1541 1327 “

305 1435 426 1478 summo
450 1415 532 1477 orbis
562 1419 719 1478 terrarum
748 1413 894 1497 imperio,
926 1413 1012 1497 quod
1041 1435 1096 1476 suo
1121 1413 1223 1478 Marte
1253 1415 1311 1480 sibi
1341 1436 1433 1498 para-

302 1522 416 1581 uerunt
438 1516 583 1580 Romani.

404 1621 519 1706 Itaque
541 1628 576 1684 ut
597 1627 628 1686 et
652 1620 725 1685 urbs
748 1626 779 1685 et
802 1642 878 1704 ager
901 1621 1049 1685 Teiorum
1077 1642 1110 1684 re
1133 1641 1210 1684 uera
1233 1627 1315 1685 esset
1337 1629 1434 1706 atque

303 1731 444 1790 maneret
468 1733 699 1790 sacrosanctum
722 1731 816 1810 atque
840 1726 1027 1789 inuiolatum
1043 1724 1159 1788 Bacchi
1182 1723 1317 1806 τέμενος,
1341 1726 1436 1788 aliter

300 1831 368 1894 fieri
391 1851 453 1894 non
476 1831 578 1915 potuit
602 1852 696 1915 quam
720 1837 754 1893 ut
776 1830 816 1893 ab
833 1829 978 1892 omnibus
1001 1829 1181 1892 ciuitatibus
1205 1830 1268 1892 suis
1291 1831 1433 1914 ipsarum

302 1934 425 2017 legibus
448 1934 608 1998 utentibus
632 1934 770 2014 Graecis,
794 1934 882 1996 uelut
905 1932 1052 1997 aCretae
1079 1934 1218 2014 urbibus,
1242 1935 1281 1998 ab
1298 1933 1434 2018 Aetolis,

303 2038 357 2121 qui
372 2039 508 2121 primum
534 2045 601 2101 tum
616 2037 801 2102 obtinebant
824 2038 963 2101 omnium
980 2027 1172 2102 Graecorum
1191 2040 1304 2120 locum,
1320 2060 1338 2102 a
1357 2038 1434 2102 Del·

301 2143 393 2227 phiis‚
416 2164 512 2227 penes
536 2163 614 2226 quos
637 2149 706 2205 erat
721 2162 844 2204 summa
866 2143 898 2204 in
921 2143 1015 2206 rebus
1030 2143 1125 2206 sacris
1141 2145 1312 2206 auctoritas
1335 2148 1434 2225 atquc

302 2255 449 2332 potestas,
473 2247 512 2310 ab
529 2245 791 2326 Athamauibus7¹
816 2267 856 2308 ex
880 2247 993 2330 quibus
1010 2247 1164 2330 originem
1181 2245 1337 2310 duxerunt
1353 2243 1434 2328 Teii,

301 2373 382 2436 quae
407 2351 534 2435 quidem
557 2371 634 2433 gens
656 2351 812 2429 bellicosa,
842 2351 917 2413 dum
941 2351 1026 2414 bella
1049 2357 1201 2434 geruntur
1223 2352 1305 2413 inter
1328 2350 1433 2414 Muce-

301 2455 398 2518 dones
429 2461 461 2518 et
484 2453 653 2536 Romanos,
686 2454 806 2517 exstitit
835 2455 910 2517 satis
942 2445 1038 2536 clara,¹
1070 2454 1203 2538 denique
1227 2475 1245 2516 a
1268 2453 1433 2536 Romanis,

300 2559 354 2643 qui
376 2565 481 2622 aetate
505 2580 543 2621 ea
566 2558 702 2641 primum
734 2558 827 2621 rebus
852 2557 998 2621 Asiaticis
1028 2579 1094 2622 sese
1123 2559 1376 2642 interposuerunt
1400 2565 1435 2621 et

302 2685 372 2727 eum
397 2663 547 2746 Philippo
568 2661 608 2727 V.
633 2661 842 2725 Macedonum
866 2670 898 2724 et
922 2685 992 2726 cum
1015 2661 1170 2726 Antiocho
1194 2661 1255 2725 ΠΙ.
1280 2661 1435 2746 Syrorum

303 2767 429 2850 regibus
453 2766 493 2829 de
514 2767 646 2851 imperio
670 2767 753 2830 orbis
776 2773 933 2830 terrarum
956 2767 1038 2830 ferro
1062 2767 1219 2830 decreturi
1241 2772 1340 2848 erant,
1362 2765 1433 2830 Teii

299 2871 507 2953 impetrarent
536 2871 717 2952 singulatim
749 2871 827 2954 asyli
859 2871 916 2934 ius.
963 2869 1046 2944 Quin
1079 2871 1175 2933 etiam
1204 2870 1244 2932 ab
1276 2869 1323 2932 his
1354 2870 1433 2953 ipsis

300 2973 426 3057 regibus
447 2979 487 3035 et
503 2971 661 3036 Antiocho
685 2981 717 3036 et
739 2973 889 3058 Philippo
917 2975 1057 3056 itemque
1080 2973 1120 3036 ab
1143 2972 1266 3054 Attalo,
1288 2973 1341 3056 qui
1364 2979 1434 3036 tum

300 3063 368 3141 erat
391 3077 662 3160 Pergamenorum
684 3099 752 3160 rex,
782 3079 914 3162 aliisque
944 3078 1070 3162 populis
1099 3084 1131 3141 et
1162 3076 1342 3140 ciuitatibus
1372 3077 1433 3138 im-

300 3182 498 3264 petrauerint
520 3180 589 3244 Teii
612 3182 692 3266 asyli
715 3181 774 3263 ius,
804 3181 886 3266 quod
918 3181 1041 3244 etiamsi
1064 3181 1190 3243 decreta
1213 3201 1320 3243 eorum
1344 3180 1435 3244 nobis

300 3307 362 3348 non
385 3286 448 3348 siut
471 3285 588 3348 tradita
611 3286 738 3371 minime
761 3292 894 3369 utputo
918 3284 1049 3348 dubium
1072 3291 1129 3366 est,
1151 3285 1336 3367 praesertim
1360 3304 1435 3346 cum

300 3389 448 3453 Teiorum
471 3390 595 3472 legatos
618 3390 658 3454 ad
674 3389 839 3454 Cretenses
864 3391 1001 3474 primum
1016 3389 1126 3452 missos
1149 3409 1212 3451 non
1234 3387 1434 3452 mediocriter

299 3493 479 3557 adiuuerint
513 3500 545 3556 et
568 3493 734 3558 Perdiccas
768 3493 909 3578 Philippi
934 3493 971 3555 V.
1001 3497 1034 3556 et
1067 3490 1254 3574 Agesander
1286 3491 1431 3555 Rhodius

299 3595 449 3661 Antiochi
471 3596 533 3660 ΙΙΙ.
566 3598 680 3681 legati,
715 3598 768 3681 qui
800 3597 1020 3661 auctoritatem
1055 3615 1144 3659 suam
1176 3595 1434 3682 interposuerunt

300 3700 481 3784 saepissime
498 3699 539 3763 ad
556 3701 767 3765 conciliandos
780 3701 977 3765 Cretensium
993 3701 1126 3784 animos,
1141 3701 1229 3764 uelut
1244 3698 1435 3782 Agesander

406 3942 415 3977 ¹
435 3947 467 3995 de
486 3942 787 4010 quibusWaddingtou
802 3941 999 4008 Apollodorum
1018 3941 1082 4008 (19,
1100 3941 1344 4006 hanaucensem
1364 3938 1432 4004 (VII

298 4031 323 4093 3,
341 4028 371 4095 3)
391 4035 497 4082 secutus
523 4033 590 4081 haec
610 4029 689 4081 dicit:
708 4025 770 4082 ‘hes
791 4030 956 4080 Athamanes
985 4028 1175 4094 prdtendaient
1200 4028 1270 4079 tenir
1288 4028 1348 4079 leur
1366 4043 1430 4079 nom

299 4115 466 4180 d’Athumas,
479 4117 521 4168 fils
532 4115 659 4168 d'Helleu
674 4119 700 4167 et
712 4113 839 4183 petit-fils
853 4113 990 4181 d'Aeolus,
1005 4116 1031 4166 ls
1044 4112 1110 4180 pere
1123 4115 1157 4166 de
1170 4116 1198 4166 la
1211 4130 1275 4166 raoe
1290 4111 1433 4180 eolieuue3

299 4204 332 4254 ils
350 4203 500 4269 pouraient
519 4201 590 4253 donc
608 4217 637 4252 se
658 4200 715 4253 dire
737 4198 864 4269 “parents
884 4201 920 4252 du
939 4201 1087 4254 fondateur
1107 4201 1142 4252 du
1161 4218 1222 4253 nom
1241 4198 1433 4268 helldniquc“3

299 4289 331 4340 ils
350 4289 458 4340 avaient
484 4287 637 4352 egalcment
663 4303 730 4340 avec
749 4285 818 4339 Teos
844 4303 896 4338 une
921 4286 1028 4340 affluite
1054 4287 1087 4339 de
1111 4303 1175 4340 rece
1198 4287 1303 4338 afairs
1328 4287 1432 4354 valoir3

299 4391 346 4427 ear
365 4390 401 4424 uu
421 4379 498 4425 autre
517 4374 661 4439 Athamas,
688 4373 731 4426 flls
750 4374 785 4424 du
803 4373 936 4441 premier,
963 4375 1036 4426 avait
1062 4373 1175 4426 canduit
1199 4391 1251 4426 uns
1271 4373 1378 4426 colonie
1398 4373 1432 4426 de

300 4459 424 4526 Minycus
438 4460 453 4508 t
466 4459 546 4526 Teos,
567 4459 603 4512 oh
616 4461 635 4512 il
650 4457 718 4512 erait
736 4460 832 4526 l’objet
853 4458 915 4511 d’un
931 4461 1002 4512 culte
1015 4456 1164 4527 heroicus!
1183 4459 1230 4524 (ci.
1243 4459 1280 4512 [rc
1295 4462 1356 4513 Bas.
1370 4475 1435 4528 roy.

302 4546 375 4599 arch.
394 4545 437 4597 111
457 4547 520 4600 Asis
538 4547 602 4597 min.
622 4562 648 4598 u.
667 4543 702 4599 83
720 4552 747 4597 st
766 4547 801 4598 ad
820 4544 899 4599 aas
916 4563 981 4614 pag.
1000 4547 1054 4610 41.)
