3180 5178
759 419 971 481 „55-

296 613 508 678 firmationem
532 612 612 696 asyli
635 611 709 675 iuris
732 608 967 673 aOretensibus
990 609 1098 672 datam
1120 606 1314 691 perturbatio
1337 629 1431 692 quae-

296 717 370 782 dam
392 717 476 780 facta
500 737 567 782 esse
581 714 708 778 uidetur
730 715 762 778 in
784 714 879 777 rebus
895 713 1045 777 Teiorum
1067 713 1174 796 gestis,
1198 711 1310 797 quihus
1333 713 1430 777 etiam

296 821 376 905 asyli
398 821 446 883 ius
469 819 579 902 templi
611 819 744 902 agrique
766 815 902 901 Dionysi
925 817 1005 880 sacri
1033 817 1100 881 siue
1123 837 1157 880 re
1178 837 1255 902 uera
1277 816 1429 880 uiolatum

296 925 363 988 siue
385 923 590 987 uehementer
605 923 826 1005 impugnatum
849 921 916 984 siue
931 921 964 984 in
982 919 1149 984 discrimen
1165 919 1336 984 adductum
1352 925 1431 1000 erat,

295 1048 394 1113 quare
415 1033 451 1090 ut
473 1027 588 1090 iterum
604 1025 813 1089 concederent
835 1024 965 1088 eaedem
988 1025 1133 1088 ciuitates
1155 1023 1235 1106 asyli
1257 1023 1315 1102 ius,
1338 1021 1430 1085 Teios

294 1131 398 1195 denuo
425 1131 547 1214 legatos
578 1129 705 1192 mittere
737 1129 876 1211 oportuit
900 1127 941 1192 ad
965 1126 1130 1192 Cretenses
1157 1127 1265 1207 urbes,
1296 1146 1430 1210 quarum

295 1235 423 1299 decreta
445 1234 547 1297 altera
569 1238 722 1316 quotquot
745 1238 818 1296 sunt
839 1233 1095 1296 enumerauimus
1117 1232 1175 1295 sub
1198 1230 1236 1295 Β.

398 1336 461 1402 Sed
484 1357 545 1422 quo
568 1357 651 1401 anno
673 1336 706 1400 id
726 1335 845 1400 factum
868 1336 908 1399 sit
929 1341 966 1398 ut
988 1336 1020 1398 in
1039 1335 1222 1398 uniuersum
1242 1339 1428 1414 statuamus,

296 1441 452 1506 Herodoti
485 1446 516 1505 ct
539 1440 690 1505 Meneclis
712 1439 811 1523 legati
834 1461 852 1503 a
876 1439 960 1504 Teiis
991 1439 1078 1503 missi
1109 1439 1247 1522 aliquam
1277 1438 1431 1522 praebent

294 1565 416 1627 ansam3
440 1544 584 1609 solebant
600 1545 693 1625 enim,
713 1551 748 1606 ut
764 1549 849 1607 recte
864 1543 928 1606 iam
944 1543 1066 1606 monuit
1080 1541 1247 1623 Lueders,¹
1272 1540 1340 1605 Teii
1356 1541 1430 1605 arti-

293 1648 387 1712 ficum
409 1646 679 1733 Dionysiacorum,
699 1668 779 1731 quos
800 1648 883 1710 inter
904 1668 938 1711 se
959 1645 1130 1727 habebant,
1153 1645 1281 1728 ingenio
1308 1645 1426 1729 optime

294 1752 379 1816 culto
403 1757 499 1836 atque
522 1752 654 1836 probato
683 1752 740 1832 uti,
772 1772 906 1836 quorum
932 1751 1098 1815 nonnullos
1129 1751 1283 1814 miserunt
1305 1749 1430 1832 legatos

293 1855 335 1919 ad
357 1853 487 1919 ἀσυλίαν
509 1854 751 1939 impetrandam,
774 1856 863 1919 uelut
886 1854 1087 1919 Herodotum
1112 1861 1144 1920 et
1165 1854 1351 1934 Meneclem,
1374 1854 1429 1939 qui

293 1958 379 2023 haud
411 1959 506 2024 dubie
537 1959 665 2023 fuerunt
691 1959 774 2024 inter
800 1960 935 2024 artifices
959 1958 1166 2045 Dionysiacos
1194 1959 1252 2023 Tei
1284 1958 1429 2022 sedentes

294 2062 532 2129 nobilissimos.2
578 2063 640 2136 Qui
663 2063 789 2148 quidem
820 2064 955 2128 artifices
978 2064 1092 2128 scenici
1121 2065 1184 2126 ianr
1215 2067 1290 2127 ante
1310 2082 1427 2126 annum

295 2189 325 2234 a.
347 2167 420 2233 chr.
451 2169 522 2233 133.
554 2167 707 2231 seditione
735 2174 846 2232 exorta
879 2168 991 2232 urbem
1023 2167 1177 2231 excedere
1205 2172 1295 2230 erant
1324 2168 1425 2230 coacti

294 2272 454 2353 Teiorum,
485 2294 546 2357 quo
569 2273 653 2337 facto
675 2271 838 2356 Ephesum
862 2273 1020 2356 petierunt
1043 2279 1075 2336 et
1097 2270 1209 2335 Attalo
1233 2270 1294 2335 111.
1318 2269 1425 2334 Philo-

295 2383 414 2440 metore
430 2397 506 2460 rege
521 2378 654 2442 fortasse
669 2383 796 2441 auctore
812 2383 922 2461 postea
933 2377 1101 2461 Myonnesi
1115 2374 1223 2440 sedem
1237 2375 1425 2454 habuerunt,

294 2500 389 2565 quam
411 2481 521 2545 urbem
545 2481 661 2545 iterum
682 2480 884 2564 reliquerunt,
907 2487 943 2544 ut
961 2480 1128 2546 Lebedum
1149 2502 1216 2546 sese
1240 2481 1428 2564 reciperent,

294 2584 349 2648 ubi
371 2585 435 2648 iam
447 2585 587 2678 maxime
602 2587 778 2649 floruerunt
794 2583 957 2649 Strabonis
973 2586 1177 2670 temporibus.
1222 2583 1333 2669 Neque
1348 2604 1425 2647 uero

294 2689 406 2753 seditio
430 2690 487 2753 illa
510 2690 594 2754 facta
617 2695 664 2752 est
691 2695 764 2752 ante
788 2709 905 2753 annum
927 2710 955 2755 a.
980 2689 1053 2754 Ohr.
1077 2712 1107 2756 n.
1133 2692 1214 2768 152,
1244 2711 1306 2774 quo
1329 2689 1426 2753 etiam

293 2798 368 2858 tunc
390 2793 525 2858 artifices
548 2793 728 2857 habuerunt
750 2792 857 2857 sedem
881 2793 946 2857 Teo
968 2795 1001 2858 in
1024 2794 1128 2860 urbe.3

395 2897 499 2971 Quare
515 2896 708 2980 legationem
723 2896 855 2961 alteram
871 2897 911 2961 ad
927 2896 1126 2962 Cretensium
1141 2899 1287 2962 ciuitates
1310 2897 1424 2962 consti-

292 3006 421 3064 tuerunt
429 2999 497 3064 Teii
510 3007 565 3064 aut
580 3001 675 3084 paulo
692 3007 766 3064 ante
785 3021 903 3065 annum
914 3024 942 3066 a.
956 3001 1029 3068 Ohr.
1041 3024 1070 3068 n.
1082 3004 1164 3085 152,
1183 3001 1266 3087 quod
1279 3000 1428 3085 equidem

289 3124 355 3168 non
370 3103 506 3184 credam,
522 3110 577 3168 aut
593 3104 676 3169 intra
691 3125 792 3168 annos
807 3106 877 3169 152.
892 3105 1089 3188 et133.‚sed
1105 3107 1246 3190 profecto
1261 3110 1334 3168 ante
1351 3105 1427 3169 arti-

291 3207 386 3270 ficum
408 3207 673 3291 Dionysiacorum
696 3208 919 3291 migrationem
942 3230 983 3273 ex
1006 3209 1155 3274 Teiorum
1177 3208 1255 3272 urbe
1270 3209 1353 3271 intra
1368 3207 1425 3272 hos

290 3331 388 3375 annos
403 3312 586 3394 perfectam.
632 3311 825 3386 Quibuscum
848 3314 1047 3377 consentiunt
1070 3313 1197 3397 optime,
1220 3333 1301 3396 quae
1325 3311 1425 3374 Wad-

291 3412 422 3497 dington
439 3421 670 3480 commentatus
693 3421 740 3480 est
755 3416 796 3480 ad
812 3416 939 3481 decreta
955 3417 1080 3480 urbium
1097 3416 1210 3480 Cretae
1232 3415 1273 3480 ad
1291 3416 1425 3480 alteram

291 3523 322 3582 et
357 3516 516 3582 Herodoti
544 3525 577 3584 ct
610 3520 762 3586 Meneclis
793 3520 988 3604 legationem
1020 3519 1239 3605 pertinentia:⁴
1265 3515 1341 3583 .‘Les
1369 3540 1426 3582 ex·

290 3621 445 3706 pressione
475 3623 514 3687 de
537 3644 589 3688 ces
612 3623 736 3688 decreta
759 3623 798 3688 de
821 3625 1039 3689 confirmation
1068 3626 1136 3689 font
1166 3645 1319 3709 supposer
1348 3619 1425 3707 qu’il

395 3867 404 3901 1
423 3865 535 3932 Dionys.
556 3864 697 3933 Kfinstlcr,
715 3883 779 3936 pag,
798 3865 839 3922 85.

392 3951 455 4004 ²cf.
474 3953 512 4004 he
532 3953 602 4018 Bas,
619 3955 638 4005 l.
657 3970 679 4006 c.
700 3969 727 4005 n.
746 3952 780 4006 80
798 3961 825 4005 et
842 3953 884 4008 81.

392 4037 403 4072 ³
421 4037 456 4090 cs.
476 4038 507 4091 Ο.
527 4039 641 4105 Ludere,
663 4039 775 4107 Dionys.
794 4039 935 4108 Kdnstler,
952 4058 1016 4111 pag.
1029 4042 1063 4096 85
1081 4059 1136 4112 sq:
1154 4041 1238 4111 ,Nach
1258 4044 1354 4108 langer
1367 4044 1427 4095 Zeit

289 4122 344 4174 und
365 4123 441 4176 nicht
460 4141 509 4176 vor
528 4124 588 4176 dem
605 4125 694 4179 Jahre
713 4125 764 4180 lca
781 4125 829 4192 (da
849 4127 893 4178 die
911 4127 1041 4180 Kfiustler
1060 4145 1108 4180 zur
1126 4130 1185 4180 Zeit
1204 4127 1253 4180 der
1269 4128 1427 4194 Ablassung

289 4208 336 4260 des
356 4210 531 4262 Testaments
550 4227 602 4264 von
620 4210 727 4264 Kraton
746 4229 779 4264 au
798 4214 922 4267 (dunsten
943 4217 989 4266 der
1007 4215 1158 4267 Attalisten
1178 4216 1214 4267 im
1233 4216 1258 4268 7.
1270 4216 1356 4268 dabre
1376 4215 1428 4267 der

289 4296 448 4362 Regierung
461 4313 513 4349 von
525 4299 635 4351 Attalus
646 4300 844 4368 Philadelphus
858 4301 901 4366 (ΙΙ
916 4301 1060 4368 raa-138)
1073 4304 1141 4354 noch
1156 4303 1182 4354 in
1193 4303 1263 4355 Teos
1276 4303 1426 4367 wchnten),

252 4453 259 4466 1
289 4381 431 4468 yanficrte
451 4383 496 4436 die
514 4383 641 4452 Synodcs
660 4403 709 4439 aus
727 4387 797 4440 nach
817 4383 951 4456 Ephesus’
969 4426 1077 4441 .....

251 4453 325 4560 ΞᾞΖΞ
389 4469 456 4525 *Le
476 4472 546 4538 Bas,
567 4488 628 4542 vcy.
648 4473 721 4528 arch.
740 4475 782 4527 ΙΙΙ
803 4475 867 4529 asie
887 4475 949 4528 min.
967 4492 993 4546 p.
1012 4474 1054 4529 29.
