3180 5178
786 455 997 516 ..24-

323 649 398 708 tunc
428 643 556 707 demum
579 641 757 726 Augustus,
789 644 916 708 interim
950 643 1123 728 imperator
1145 643 1332 729 appellatus,
1362 644 1457 728 idque

323 767 387 812 nno
411 753 447 811 nt
469 745 635 832 probabile
665 753 713 813 est
736 747 914 833 eodemque
938 753 1083 834 tempore
1105 769 1167 832 quo
1190 749 1336 814 instituta
1358 767 1456 829 sacra,
1560 804 1561 807 ,

317 851 412 918 uelut
434 869 606 936 puerorum
628 848 779 938 λμνῳδία,
802 851 842 915 ob
866 849 1032 915 defensam
1057 857 1089 915 et
1112 850 1245 916 feliciter
1266 851 1457 937 prohibitam

323 954 410 1022 urbis
442 954 714 1038 expugnationem
746 974 766 1017 a
798 953 925 1019 Parthis
962 955 1136 1022 instantem
1168 962 1258 1021 erant
1273 976 1276 982 ¹
1292 955 1411 1020 deuota
1439 977 1457 1018 a

323 1059 622 1140 Stratonicensihus,
646 1065 683 1124 ut
704 1059 814 1124 iisdem
838 1058 919 1124 beno
941 1059 982 1123 de
1004 1059 1159 1124 Romanis
1182 1060 1301 1124 meritis
1323 1059 1456 1143 gratiam

323 1161 468 1245 referret,
492 1162 625 1226 deorum
647 1161 734 1226 urbis
759 1183 867 1227 eorum
883 1162 1066 1247 praesidum
1081 1165 1200 1247 templa
1222 1162 1302 1248 asyli
1322 1163 1389 1227 iure
1411 1184 1459 1228 or·

322 1265 452 1334 nauisse
476 1265 612 1332 uidetur.

424 1370 512 1436 Vota
534 1377 642 1436 autem
663 1370 718 1436 illa
741 1369 1026 1436 Stratonicensium
1048 1371 1111 1435 iam
1126 1372 1231 1456 priore
1256 1378 1362 1437 aetate
1386 1393 1457 1438 esse

322 1477 407 1542 facta
440 1475 518 1540 nihil
549 1479 597 1540 est
628 1495 684 1539 cur
705 1474 886 1559 probemus,
915 1477 1101 1560 praesertim
1135 1497 1205 1540 cum
1228 1477 1312 1540 tituli
1334 1476 1458 1541 nostril

322 1577 428 1644 uerbis
450 1575 516 1658 (τήν
537 1576 628 1644 πόλιν
651 1575 815 1643 ἄνωθεν
840 1632 847 1646 .
872 1630 879 1645 .
904 1627 911 1641 .
935 1630 943 1645 .
966 1575 999 1642 ἐκ
1022 1585 1142 1643 πολλῶν
1173 1582 1224 1644 καὶ
1245 1579 1388 1664 μεγάλων
1409 1583 1459 1645 καὶ

324 1690 463 1766 συνεχῶν
485 1681 635 1749 κινδύνων
659 1683 824 1748 σεσῶσθαί
844 1683 931 1748 urbis
953 1686 1109 1770 posterius
1131 1683 1289 1750 indicatur
1304 1686 1457 1770 temporis
1562 1743 1563 1764 y

322 1794 529 1855 momentum.
573 1787 708 1852 Accedit
745 1787 831 1871 quod
866 1793 940 1872 post
973 1789 1245 1873 oppugnationem
1279 1811 1298 1854 a
1333 1790 1457 1857 Pacoro
1561 1841 1563 1868 ,

323 1892 540 1958 Stratonicaea
568 1892 640 1956 urbi
661 1892 781 1956 illatam
812 1900 845 1956 et
866 1891 1000 1956 feliciter
1030 1914 1049 1956 a
1077 1892 1363 1959 Stratonicensibus
1385 1915 1460 1979 pro·
1561 1967 1563 1972 ¹

322 1995 482 2081 pulsatam
505 1996 631 2060 minime
660 1995 805 2060 sublatus
836 2001 903 2060 erat
926 1996 1020 2060 timor
1049 2017 1154 2062 nouae
1175 1997 1358 2082 irruptionis
1381 1999 1459 2064 Par·
1561 2005 1563 2100 ]

324 2099 462 2183 thorum,
485 2121 556 2165 cum
579 2100 702 2182 Parthi,
725 2101 871 2184 quamuis
894 2122 914 2164 a
936 2100 1088 2167 Ventidio
1111 2123 1195 2166 anno
1220 2124 1248 2167 a.
1266 2101 1383 2168 Ohrn.
1408 2106 1461 2168 38.

323 2204 400 2270 uicti
431 2209 536 2270 essent
557 2224 667 2288 pugna
689 2205 781 2269 nimis
805 2226 824 2268 a
846 2204 999 2269 Romanis
1030 2205 1202 2288 celebrata,
1228 2213 1335 2270 tamen
1367 2207 1458 2272 clade

322 2309 462 2373 maxima
485 2307 660 2372 Antonium
683 2308 882 2373 triumuirum
903 2309 1085 2374 affecissent
1108 2330 1190 2374 anno
1208 2331 1237 2375 a.
1255 2309 1328 2376 Chr.
1346 2333 1376 2376 n.
1395 2313 1459 2390 36„
1561 2329 1563 2390 y

322 2433 386 2497 quo
409 2412 495 2477 facto
520 2413 689 2477 orientales
711 2412 930 2477 Romanorum
952 2434 1003 2478 res
1022 2434 1087 2477 non
1109 2413 1314 2479 mediocriter
1336 2413 1461 2500 pericli·
1561 2429 1563 2482 l

326 2522 413 2581 tatae
436 2536 508 2583 esse
533 2516 691 2582 uidentur.
736 2516 829 2580 Anno
862 2514 989 2581 domum
1012 2539 1042 2584 a.
1066 2517 1140 2584 Ohr.
1165 2521 1228 2600 20.,
1264 2539 1336 2582 oum
1369 2519 1460 2603 signa
1561 2521 1563 2562 ³

323 2627 356 2686 et
377 2621 500 2706 aquilas
515 2641 652 2684 unacum
668 2621 802 2705 captiuis
817 2620 970 2686 Romanis
985 2621 1025 2685 ab
1042 2622 1189 2706 Augusto
1204 2623 1311 2706 petitis
1326 2621 1460 2687 reddere
1561 2623 1563 2706 l

316 2729 454 2790 ¹coactus
473 2731 557 2790 esset
571 2725 763 2789 Parthorum
779 2747 836 2790 rex
855 2725 1013 2790 Phraates
1029 2725 1100 2810 IV„
1124 2733 1191 2790 turn
1210 2724 1338 2790 demum
1355 2729 1462 2791 omnia

321 2829 463 2914 pericula
485 2829 643 2893 aParthis
669 2850 770 2913 usque
795 2851 834 2894 eo
849 2829 1000 2894 instantia
1022 2829 1157 2895 feliciter
1173 2829 1352 2913 effugerant
1374 2829 1461 2895 Stra·
1561 2841 1563 2922 l

322 2933 512 2998 tonioenses.
557 2933 673 3017 Itaque
701 2939 768 2997 tum
793 2933 921 3017 quidem
950 2931 1111 3021 ὑμνῳδίαν
1143 2938 1175 2996 et
1205 2954 1287 3018 quae
1317 2955 1388 2998 cum
1421 2955 1461 2997 ea
1561 2993 1563 3026 ἱ

321 3043 411 3102 erant
443 3038 612 3102 coniuncta
633 3036 744 3120 patriis
775 3036 846 3121 diis,
877 3036 1088 3120 periculorum
1111 3037 1298 3115 uindioibus,
1330 3039 1460 3103 uouisse
1562 3035 1563 3040 ’

321 3140 481 3206 uidentur.
527 3140 727 3225 Quamquam
760 3142 838 3206 certi
860 3140 1034 3225 quidquam
1063 3141 1101 3206 de
1127 3142 1187 3206 hac
1209 3163 1244 3206 re
1273 3144 1371 3207 statui
1394 3163 1459 3208 non

322 3252 440 3330 potest.
1561 3305 1563 3324 2

424 3347 516 3421 Quae
538 3347 664 3433 quidem
686 3349 781 3412 titulo
804 3354 914 3413 nostro
940 3347 1149 3431 continentur,
1172 3350 1273 3435 qualis
1297 3371 1382 3414 nunc
1403 3373 1459 3416 ex·
1562 3343 1563 3416 Ϊ

322 3457 396 3538 stat,
425 3451 562 3518 fortasse
584 3451 703 3518 Tiberii
735 3453 931 3539 temporibus
963 3453 1139 3538 composita
1166 3459 1248 3535 sunt,
1279 3453 1458 3539 quibusda
1562 3487 1563 3532 3

320 3557 513 3642 templorum
539 3577 671 3624 suorum
694 3557 777 3640 asyli
798 3557 867 3621 iure
892 3557 1022 3642 eiusque
1053 3559 1244 3622 auctoritate
1275 3566 1306 3622 et
1329 3558 1392 3623 fide
1416 3561 1457 3624 ad
1562 3559 1563 3610 ἶ

323 3667 470 3725 senatum
492 3658 673 3723 Romanum
696 3658 987 3725 Stratonicensibus
1012 3664 1081 3724 erat
1102 3659 1314 3726 referendum.
1361 3661 1459 3728 Certe

321 3767 398 3828 ante
420 3783 541 3827 annum
563 3784 595 3848 p.
613 3761 687 3830 Chr.
704 3786 736 3828 n.
752 3765 804 3828 22.
828 3768 1070 3830 monumentum
1092 3771 1236 3830 nostrum
1260 3770 1365 3830 ortum
1388 3788 1458 3832 esse

322 3887 447 3933 censeo.

426 3970 710 4036 Stratonicensium
739 3976 847 4037 autem
878 3972 1041 4057 asylorum
1074 3949 1143 4036 iura
1174 3971 1280 4041 denuo
1303 3995 1323 4038 a
1346 3981 1461 4040 senatu

322 4075 468 4141 Romano
493 4075 678 4141 confirmata
700 4074 801 4141 sunc.²

428 4182 479 4245 53.
524 4179 577 4246 De
599 4179 810 4245 Trallensium
834 4181 926 4266 asylo
943 4181 1088 4266 Dionyso
1114 4181 1252 4246 Bacchio
1275 4189 1461 4248 consecrato
1562 4217 1563 4220 ¹

327 4339 527 4346 —-—.—-—-

427 4421 438 4458 1
456 4421 513 4476 uid.
532 4421 561 4479 0.
581 4425 604 4478 Ι.
623 4421 657 4476 S.
675 4423 704 4476 H
721 4437 748 4476 n.
766 4421 854 4478 arrha
871 4424 918 4477 lin.
936 4424 961 4478 2.

425 4510 436 4547 ⁹
454 4509 528 4578 rac,
548 4525 616 4564 ann.
634 4509 679 4564 III
697 4507 739 4565 63.
