3180 5178
777 461 990 526 ..20-

319 661 480 721 uetustum
512 653 551 718 de
582 651 640 718 diis
673 651 781 738 Nysae
811 652 902 716 cultis
932 649 1016 734 (περὶ
1039 657 1103 716 τοῖν
1125 656 1212 716 θεῶν
1224 653 1248 732 ¹]
1278 673 1454 739 eorumque

318 759 398 846 asyli
420 761 489 824 iure
510 757 606 840 (τῆ[ς]
631 755 744 834 ἱκεσίας
753 755 790 836 2),
813 755 853 819 de
875 756 986 840 templi
1009 753 1145 841 denique
1176 755 1374 822 immunitate
1398 756 1455 821 do·

318 868 497 928 cumentum
512 863 545 926 in
560 861 718 926 tabulario
735 859 842 945 Nysae
864 859 951 924 urbis
972 859 1078 924 adbuc
1100 866 1264 925 seruatum
1289 866 1321 924 et
1336 863 1376 926 ab
1393 861 1458 926 Ar·

317 967 475 1032 temidoro
506 967 645 1052 quodam
668 986 709 1029 ex
732 965 818 1029 urbis
842 963 951 1050 Nysae
979 964 1201 1049 praetoribus3
1223 985 1280 1029 suo
1308 966 1397 1030 iussu
1420 973 1458 1031 ut

319 1075 526 1156 cognosceret
548 1070 699 1135 traditum
724 1069 926 1133 examinauit.

420 1174 566 1260 Apparet
590 1195 630 1238 ex
652 1173 700 1238 his
717 1173 842 1257 asylum
865 1172 988 1256 dequo
1005 1172 1110 1255 agitur
1124 1173 1186 1236 iam
1209 1179 1282 1238 ante
1299 1173 1355 1239 On.
1371 1173 1458 1238 Len-

317 1279 376 1343 tuli
398 1278 539 1363 Auguris
562 1278 593 1342 in
616 1276 727 1341 Asiam
759 1276 935 1340 aduentum
958 1273 1066 1360 Nysae
1090 1277 1143 1340 uel
1172 1276 1204 1339 in
1227 1279 1294 1341 eius
1324 1286 1359 1342 ut
1380 1300 1456 1364 pro-

317 1383 453 1447 babilius
477 1390 525 1445 est
549 1382 664 1446 uicinia
686 1382 845 1462 floruisse3
873 1381 927 1444 sed
953 1402 1015 1464 quc
1046 1400 1129 1444 anno
1161 1381 1297 1465 primum
1321 1383 1350 1446 ei
1371 1383 1455 1467 asyli

316 1488 365 1551 ius
388 1486 542 1550 tributum
564 1487 604 1550 sit
626 1463 767 1550 statuere
790 1505 881 1548 nemo
898 1485 1034 1568 poterit;
1057 1492 1143 1548 certe
1165 1484 1239 1548 inde
1260 1484 1300 1549 ab
1316 1507 1398 1550 anno
1422 1509 1454 1552 a.

316 1589 391 1656 Obr.
420 1612 452 1654 n.
483 1590 583 1674 primo
615 1589 695 1674 asyli
726 1591 794 1652 iure
828 1587 989 1671 gaudebat
1021 1588 1185 1673 templum,
1215 1609 1319 1673 neque
1352 1592 1449 1674 priui-

316 1696 436 1779 legium
460 1694 538 1758 illud
562 1694 703 1758 amisisse
734 1693 860 1757 uidetur
884 1692 1000 1756 Tiberii
1024 1693 1228 1776 temporibus,
1261 1715 1454 1778 quamquam

316 1819 336 1862 a
352 1799 463 1864 Tacito
478 1799 555 1863 nihil
570 1798 613 1864 <le
629 1797 858 1884 Nysaeensium
877 1797 995 1882 templo
1020 1797 1150 1880 eiusque
1165 1799 1244 1882 asyli
1260 1799 1328 1862 iure
1351 1801 1453 1884 petito

317 1909 533 1985 memoratum
557 1902 642 1984 quod
666 1901 819 1965 contineri
835 1906 961 1984 poterat
984 1900 1140 1964 sententia
1162 1900 1265 1964 Taciti
1289 1902 1364 1965 hac:
1387 1898 1452 1966 ‘au-

317 2006 403 2072 ditae
426 2007 558 2071 aliarum
581 2027 710 2091 quoque
733 2005 907 2070 ciuitatium
931 2004 1141 2088 Ιοςοῐὶοοοοζ4

419 2109 592 2174 Strabone⁵
604 2120 711 2174 autem
725 2115 860 2172 testante
872 2127 970 2192 prope
984 2105 1107 2192 Nysam
1118 2107 1228 2170 urbem
1242 2103 1324 2171 ιἐνδὲ
1335 2115 1377 2196 τῇ
1385 2107 1452 2196 ὁδῷ

316 2221 359 2300 τῇ
380 2213 495 2294 perciti
518 2217 580 2277 τῶν
608 2211 771 2294 Τραλλέοον
793 2214 842 2276 καὶ
866 2213 923 2293 τῆς
952 2208 1077 2294 Νύσης,
1102 2210 1189 2294 κώμη
1212 2217 1278 2276 τῶν
1300 2211 1453 2277 Νυσαέων

317 2321 400 2384 ἐστὶν
422 2316 475 2384 οὐκ
504 2314 633 2382 ἄνωθεν
662 2323 720 2396 τῆς
742 2315 858 2392 πόλεως
874 2314 1050 2400 Ἁχοίροκα,
1083 2310 1158 2404 ἕνῇ
1184 2315 1219 2380 τό
1244 2315 1450 2396 filomelam,

316 2421 386 2501 ἕχον
408 2425 460 2486 καὶ
482 2417 571 2498 ἄλσος
590 2420 750 2496 πολυτελὲς
772 2423 820 2483 aul
845 2417 920 2484 νεών
936 2416 1124 2496 Πλούτωνος
1143 2443 1175 2484 τε
1192 2422 1242 2484 καὶ
1258 2419 1375 2504 Κόρης,
1400 2423 1449 2485 καὶ

316 2527 351 2592 rol
381 2525 553 2609 Χαρώνιον,
587 2523 700 2610 ἄντρον
728 2522 947 2608 νπερκείμενον
979 2529 1037 2587 tori
1059 2521 1169 2600 ἄλσους
1192 2524 1375 2604 θαυμαστόν
1408 2532 1450 2614 τῇ

318 2627 426 2716 φύσει)
470 2631 582 2715 Itaque
612 2626 822 2693 ίΠλοννώννον
851 2627 929 2691 illud
960 2634 991 2691 et
1021 2627 1127 2692 lucum
1160 2629 1363 2714 opulentum,
1397 2629 1448 2692 oui

315 2736 491 2800 subiectum
518 2742 565 2799 est
588 2731 766 2819 ‘Xupulvrcv’
798 2739 923 2796 antrum
955 2733 1099 2797 mirabile
1131 2740 1164 2797 et
1195 2733 1341 2797 Plutonis
1369 2733 1448 2797 Pro·

316 2841 526 2925 serpinaeque
556 2838 667 2903 fanum
695 2838 868 2920 continens,
893 2838 1015 2922 asylum
1039 2837 1137 2901 fuisse
1161 2836 1346 2923 Nysaeense
1367 2839 1444 2902 satis

315 2943 480 3028 probabile
516 2949 573 3023 est,
608 2943 797 3026 praesertim
827 2962 899 3005 cum
930 2943 961 3005 in
993 2941 1087 3005 titulo
1121 2963 1217 3025 supra
1247 2941 1377 3005 laudato
1409 2940 1449 3006 de

315 3046 457 3132 pluribus
487 3045 546 3109 diis
578 3041 667 3129 (napi
689 3051 754 3108 τῶν
777 3051 864 3109 θεῶν
892 3043 941 3106 καὶ
966 3047 1022 3122 τῆς
1051 3042 1176 3121 duorlar
1206 3041 1373 3128 urit[ui]c¹'⁶)
1397 3047 1450 3129 agl

316 3156 460 3234 apertum
484 3150 534 3214 sit.

420 3252 570 3318 Ceterum
592 3253 737 3316 Plutonis
765 3259 796 3315 et
819 3251 1031 3335 Proserpinae
1065 3250 1189 3335 effigies
1219 3273 1282 3315 non
1308 3272 1379 3316 raro
1402 3251 1448 3316 in-

314 3358 486 3422 ueniuntur
521 3359 552 3421 in
586 3356 695 3442 Nysae
730 3356 815 3420 urbis
847 3357 993 3437 nummis,
1025 3355 1176 3440 imprimis
1210 3355 1445 3441 imperatoriis.⁷

317 3461 423 3536 Quare
446 3464 473 3526 si
497 3461 665 3527 Strabonis
681 3461 897 3526 testimonium
913 3480 1130 3546 comparamus
1146 3467 1314 3544 utrumque
1330 3481 1448 3524 numen

418 3744 464 3795 11.
484 3757 506 3794 ο.
525 3741 574 3794 lin.
596 3739 635 3794 10.

417 3829 464 3880 ²1.
483 3844 504 3881 e.
524 3827 571 3879 lin.
592 3828 631 3879 ll.

417 3912 428 3947 ³
445 3918 476 3966 ut
495 3913 650 3966 Boeolrhius
668 3907 728 3967 ‘rtis
741 3951 828 3966 .....
843 3907 992 3984 στροτηγῶν’
1008 3911 1025 3964 l.
1040 3927 1063 3965 c.
1077 3912 1125 3964 lin.
1137 3911 1206 3965 8-9
1218 3912 1288 3965 tituli
1304 3914 1392 3964 nostri
1410 3914 1452 3966 in·

315 4001 428 4068 tellegit.

418 4089 430 4125 ⁴
446 4086 543 4152 Tacit,
562 4100 626 4137 ann.
644 4083 747 4138 11163.

416 4172 533 4225 ⁵Strab.
553 4170 620 4223 XIV
640 4177 650 4223 l
672 4167 688 4238 ξ
707 4173 740 4224 44
759 4187 821 4239 pag.
841 4170 861 4223 G
879 4171 939 4225 649.

418 4259 476 4313 ⁸0.
495 4259 517 4311 Ι.
537 4259 568 4312 G.
588 4258 617 4310 II
635 4274 661 4310 n.
681 4258 749 4312 2943
766 4257 874 4312 riu-10,

417 4345 585 4412 τΜὶοοοοο,
611 4346 706 4398 Descr.
733 4348 764 4397 de
790 4343 859 4398 med.
879 4345 923 4397 III
942 4361 1005 4411 pag.
1029 4345 1081 4398 362
1099 4363 1124 4398 n.
1143 4345 1202 4400 343.
1220 4345 1279 4400 346.
1298 4345 1363 4410 3473
1383 4362 1449 4414 pag.

313 4431 364 4487 363
383 4449 408 4484 n.
425 4432 493 4498 349;
519 4448 583 4499 pag.
601 4431 652 4484 364
670 4449 696 4483 n.
715 4430 780 4497 3573
807 4448 871 4498 pag.
892 4431 943 4486 365
961 4447 988 4484 n.
1006 4431 1073 4499 361;
1098 4449 1161 4502 pag.
1180 4433 1232 4487 366
1250 4451 1276 4485 n.
1294 4431 1360 4498 369;
1385 4449 1452 4502 pag.

313 4519 363 4574 367
385 4536 411 4571 n.
429 4519 492 4586 5743
511 4533 572 4588 pag.
591 4517 642 4572 368
660 4535 687 4570 n.
705 4519 764 4574 380.
