3180 5178
596 398 883 508 -aess

19 623 21 642 '
132 631 246 717 Syriae
279 655 397 718 regem,
422 641 453 698 et
475 632 584 714 Jason,
607 633 781 716 Menelaus,
815 635 867 699 alii
891 656 1047 703 summurn
1072 640 1268 707 ludaeorum

132 737 348 812 sacerdotium
371 739 536 821 ambirent,
560 760 631 803 sese
655 739 788 803 eontulit
812 740 852 804 ad
878 740 987 826 Syriae
1010 765 1128 828 regern,
1152 755 1187 812 ut
1203 769 1268 832 pax

19 897 21 916 ,
130 841 229 906 rebus
252 842 463 907 uehementer
493 842 626 905 turbatis
654 842 797 926 daretur3
834 843 888 908 sed
924 867 995 909 curn
1021 847 1186 940 Menelaus
1214 851 1268 916 ille

130 946 220 1010 uitae
253 948 321 1010 eius
354 953 482 1031 pararet
523 945 662 1026 insidias,
698 945 794 1010 Onias
830 948 861 1012 in
903 951 1029 1035 asylum
1067 949 1265 1022 ‘Antiochiae

129 1046 346 1135 Epidaphnes'
370 1071 439 1114 sese
461 1049 592 1136 recepit.
616 1050 677 1115 Sed
702 1071 774 1114 cum
798 1050 836 1116 de
860 1054 948 1138 asylo
972 1055 1145 1138 proaedere
1169 1080 1266 1123 ausus

19 1183 21 1248 y
131 1162 230 1234 esset,
253 1155 361 1218 stetim
382 1155 567 1219 interfectus
591 1161 640 1218 est
662 1155 702 1218 ab
725 1153 919 1238 Andronico,
943 1157 1080 1223 Menelai
1104 1161 1265 1228 satellite¹

19 1325 21 1344 ,
235 1253 347 1332 ‘Quam
372 1260 412 1324 ob
437 1281 563 1324 oausam
588 1280 650 1324 non
677 1259 697 1325 J
701 1260 816 1324 udaei2
838 1262 952 1343 solum,
968 1263 1026 1327 scd
1042 1265 1124 1330 aliae
1140 1255 1266 1352 quoque

129 1363 279 1426 nationes
303 1359 567 1446 indignabantur!
590 1363 767 1426 Antiochus
792 1370 898 1427 autem
914 1364 1097 1450 Epiphanes
1121 1390 1178 1433 rex
1194 1391 1265 1434 cum

19 1453 20 1466 ¹
130 1489 174 1530 ex
199 1465 307 1530 Cilicia
330 1487 492 1549 regressus
517 1466 557 1530 de
573 1487 651 1529 nece
667 1464 768 1530 Ouiae
791 1467 907 1532 iniusta
923 1470 1037 1533 certior
1052 1479 1137 1538 esset
1152 1473 1265 1558 factus,

19 1569 20 1648 ᾗ
126 1565 244 1632 ‘animo
268 1571 473 1634 contristatus
496 1576 625 1654 propter
641 1569 753 1633 Oniam
778 1576 810 1634 et
831 1572 933 1636 flexus
950 1573 989 1636 ad
1006 1575 1265 1660 misericordiam,

128 1674 278 1736 lacrimas
301 1673 391 1753 ludit,
414 1672 598 1737 recordatus
622 1673 764 1738 defuncti
787 1674 991 1740 sobrietatem
1012 1683 1043 1741 et
1058 1679 1265 1764 modestiam,

19 1859 21 1872 ,
128 1778 334 1861 accensisque
364 1778 475 1840 animis
504 1777 721 1841 Andronicum
752 1785 931 1844 necatorem
963 1801 1104 1867 purpura
1131 1792 1264 1849 exutum

19 1873 20 1920 ³
127 1901 188 1965 per
218 1888 322 1946 totam
354 1883 516 1946 ciuitatem
546 1882 633 1946 iubet
656 1883 845 1946 circumduci
869 1891 900 1947 et
923 1887 954 1948 in
977 1887 1090 1950 eodem
1119 1888 1201 1966 loco,
1233 1891 1265 1953 in

127 2005 195 2068 quo
218 1984 251 2048 in
267 1983 381 2048 Oniam
397 1985 593 2070 impietatem
615 1986 815 2049 commiserat
831 1987 1018 2068 sacrilegum
1036 1989 1102 2052 uita
1116 1989 1266 2072 priuari.'³

19 2073 21 2094 '
233 2087 317 2153 Nota
355 2089 491 2173 denique
527 2088 656 2172 dignum
688 2089 829 2170 uidetur,
864 2090 959 2153 etiam
991 2091 1113 2175 legatos
1143 2096 1266 2162 misisse

128 2192 326 2256 Antiochum
340 2187 396 2254 ‘arri
409 2190 558 2276 dswpodg'
580 2213 636 2276 per
649 2192 744 2256 urbes
760 2193 909 2274 Graecae,
932 2196 986 2278 qui
1007 2191 1086 2272 ‘toric
1101 2195 1265 2276 ἐσομένους

129 2297 260 2380 ἀγῶνας
276 2295 323 2360 ὑπ’
342 2295 439 2361 αὐτοῦ
453 2300 504 2362 ἐπὶ
522 2296 663 2383 Λάφνηξ
679 2300 861 2364 nuntiarent
877 2307 910 2365 et
922 2300 1063 2366 Graecos
1078 2303 1264 2368 inuitarent4

126 2403 168 2466 ad
193 2401 311 2465 festum
334 2402 492 2487 ludosque
517 2403 669 2488 Daphnes
691 2405 720 2467 in
746 2404 884 2468 honores
900 2404 1023 2470 Dianae
1046 2413 1142 2491 atque
1165 2408 1264 2491 Apol·

125 2506 201 2570 linis
225 2506 440 2572 celebrandos.

233 2613 282 2675 11.
316 2609 548 2693 Apamensium
581 2611 656 2675 urbs
690 2613 812 2696 asylum
847 2614 1006 2699 appellata
1036 2635 1105 2679 esse
1136 2615 1264 2680 uidetur

126 2722 261 2800 propter
283 2714 376 2779 Jouis
393 2715 623 2780 Baetocaeceni
647 2716 832 2799 religionem
856 2719 888 2780 in
911 2737 995 2800 pago
1012 2717 1125 2799 uicino,
1145 2719 1261 2783 Baeto-

126 2839 224 2884 caecc
248 2819 342 2898 dicto,
365 2841 488 2882 summo
513 2841 583 2882 cum
599 2819 703 2884 studio
728 2827 899 2886 seruatam.
1160 2804 1163 2820 ,

231 2923 395 2986 Habemus
425 2925 508 2987 euim
542 2923 670 2988 titulum
704 2923 743 2990 de
773 2924 864 2988 Jouis
892 2925 1128 2991 Baetocaeceni
1162 2928 1262 3011 asylo,

124 3050 192 3114 quo
217 3029 418 3091 continentur
441 3029 523 3091 duae
547 3028 711 3112 epistulae,
734 3029 832 3094 altera
854 3030 1083 3114 imperatorum
1100 3031 1262 3096 Rornano-

123 3154 209 3212 rum,
232 3131 339 3194 Publii
370 3131 479 3195 Licinii
504 3131 676 3212 Valeriani,
702 3133 809 3197 Publii
838 3133 952 3198 Licinii
975 3134 1122 3215 Gallieni,
1153 3134 1262 3198 Licinii

19 3253 21 3294 r
126 3235 269 3300 Cornelii
303 3234 447 3298 Salonini
467 3235 562 3299 'intra
596 3259 696 3301 annos
727 3239 789 3302 252
827 3243 859 3300 et
893 3239 955 3301 259
989 3238 1130 3322 scripta,⁵
1164 3239 1264 3302 altera

19 3373 21 3428 3
123 3340 281 3404 Antiochi
313 3339 477 3403 cuiusdam
510 3341 593 3423 regis
618 3340 752 3426 Syriae⁶
782 3346 814 3405 ct
845 3362 917 3425 pars
936 3343 1172 3427 ,psephismatis
1194 3341 1262 3406 Au·

125 3448 223 3526 gusto
247 3442 432 3525 imperatori
454 3443 578 3526 publice
601 3445 641 3508 ab
665 3443 921 3529 Apamensibus⁷
945 3445 1054 3508 missi.8

131 3631 135 3638 ·
235 3617 386 3672 1Maccab.
405 3618 535 3686 11434.

233 3707 280 3757 21.
298 3722 323 3759 c.
341 3704 370 3757 II
388 3706 412 3771 4,
430 3704 541 3760 arr-38.

235 3793 281 3845 ll.
301 3810 324 3846 c.

232 3881 243 3916 ⁴
262 3880 367 3948 Polyb,
386 3881 413 3932 in
433 3879 531 3947 fragm.
549 3880 610 3933 libr.
630 3881 728 3934 XXXI
745 3879 771 3944 3,
790 3880 814 3934 l.

233 3966 684 4020 ⁵cf.c.1.e.11n.44741in.
705 3969 797 4022 1-14„

232 4053 279 4104 ll.
298 4071 319 4105 c.
338 4055 384 4106 lin.
405 4053 513 4107 15—45.

232 4141 241 4174 ἵ
260 4135 408 4208 ‘wimod
423 4141 466 4210 τῆς
478 4137 579 4202 πόλεως’
591 4137 675 4193 uerba
688 4142 718 4206 (l.
731 4159 753 4193 c.
767 4143 815 4194 lin.
828 4140 872 4207 46)
891 4141 963 4193 haud
983 4141 1064 4193 dubie
1078 4139 1112 4191 de
1125 4141 1260 4206 Apamen-

121 4229 195 4280 sium
216 4225 285 4277 urbe
303 4229 363 4278 sole
382 4227 453 4279 diota
472 4243 532 4279 esse
550 4235 672 4291 possunt.
704 4231 747 4280 An
761 4227 1022 4282 Baetoceeconcrum
1041 4223 1127 4294 ‘supp’
1145 4226 1262 4278 fortasse

121 4309 215 4382 ,ndlrg’
230 4313 395 4380 appellanda
410 4314 510 4365 fuerit?
524 4341 556 4349 -
570 4314 659 4376 Quare
672 4315 749 4366 initio
763 4316 910 4381 Apameam
929 4314 1022 4366 urbem
1038 4315 1142 4380 asylum
1155 4309 1262 4379 praedi·

121 4401 179 4454 cari
203 4398 313 4454 conieci
333 4404 445 4465 propter
463 4401 562 4451 Jouem
583 4401 816 4454 Baetocaeccnum
836 4402 914 4468 asylo
934 4400 1108 4468 gaudentem.

232 4485 280 4536 ⁸1.
298 4500 321 4536 c.
341 4485 388 4536 lin.
406 4484 517 4540 46-58.
