3180 5178
101 1581 103 1584 Ι
219 1498 422 1585 Quamquam
445 1499 608 1586 asylorum
622 1499 760 1564 rationes
785 1505 817 1564 ct
835 1499 903 1564 iura
921 1500 953 1564 in
969 1500 1152 1565 uniuersum
1167 1519 1247 1564 nun·

113 1624 211 1690 quam
233 1604 337 1668 aliena
365 1601 498 1668 inerunt
521 1625 540 1667 a
562 1602 730 1668 doctorum
760 1604 904 1671 uirorum
926 1604 1048 1686 studiis,
1076 1587 1183 1669 tamen
1207 1605 1247 1670 de

113 1709 226 1794 asylis,
259 1728 341 1793 qnae
373 1706 458 1792 apud
490 1707 630 1771 Graecos
666 1727 720 1791 per
752 1707 885 1791 longum
918 1709 1070 1792 temporis
1107 1710 1247 1793 spatium

26 1859 27 1868 η
112 1815 295 1879 floruerunt.
311 1812 390 1876 nihil
411 1813 478 1882 fere
494 1812 646 1895 scripturn
669 1819 728 1896 est,
752 1812 837 1878 uude
860 1818 892 1877 et
914 1834 996 1898 quae
1017 1813 1113 1880 fuerit
1136 1834 1246 1878 eorum

111 1917 256 1984 condicio
270 1923 303 1982 et
314 1922 467 2003 quantum
476 1915 846 1982 habuerintrnomentnm
857 1919 934 1982 satis
945 1923 1107 2002 appareat.
1130 1915 1247 1982 Nostra
1360 1949 1363 1954 ·

111 2022 239 2088 demum
261 2027 370 2085 aetate
393 2020 432 2084 ad
455 2020 648 2085 Graecorum
672 2021 761 2105 asyla
785 2019 967 2105 diligentius
991 2021 1199 2087 describenda
1216 2027 1247 2084 et

112 2123 301 2212 explicanda
325 2146 397 2188 sese
419 2124 621 2188 contulerunt
643 2125 702 2187 uiri
727 2122 827 2204 docti;
858 2145 1051 2212 quamquam
1073 2125 1245 2191 nonnullae
1296 2172 1298 2178 -

112 2252 164 2294 res
180 2249 263 2315 quae
280 2249 318 2293 eo
334 2229 495 2313 pertinent
510 2230 587 2293 satis
599 2235 784 2293 manserunt
800 2228 940 2294 incertae
955 2236 1052 2314 atque
1061 2230 1244 2316 perplexae.

107 2333 229 2404 Exstat
261 2333 486 2397 commentatio
518 2333 736 2397 recentissima
764 2331 842 2396 Julii
872 2331 1045 2398 Jaenisahii
1075 2330 1123 2400 ‘cle
1146 2334 1245 2400 Grae·

111 2459 220 2503 corum
243 2434 348 2523 asylis‘
371 2434 471 2520 (anno
494 2439 575 2500 1868
592 2438 769 2520 Gottingae
792 2436 874 2522 typis
891 2439 1071 2523 expressa),
1095 2439 1148 2524 qui
1164 2445 1244 2503 trac-

108 2549 204 2624 tatus,
228 2563 302 2607 cum
324 2541 462 2606 fontium
491 2541 671 2626 copiatum
695 2541 846 2624 temporis
874 2541 937 2604 iarn
961 2548 1056 2605 aucta
1080 2550 1111 2607 et
1133 2541 1243 2627 ampli·

107 2649 202 2720 ficata
225 2667 335 2733 parum
366 2645 468 2729 perite
497 2665 573 2710 usus
595 2646 636 2710 sit
664 2652 776 2710 auctor
805 2666 908 2730 neque
939 2644 1042 2709 doctis
1064 2647 1112 2710 rei
1136 2645 1243 2711 existi·

106 2751 284 2816 maioribus
306 2749 434 2833 probari
456 2748 561 2834 potuit
585 2754 618 2813 ct
640 2756 862 2834 argumentum
886 2750 993 2834 attigit
1016 2750 1121 2836 potius
1145 2769 1241 2835 quam

106 2856 255 2921 absoluit.
300 2853 376 2936 Ipse
399 2875 473 2918 cum
496 2873 597 2938 nuper
626 2853 722 2928 etiam
752 2873 836 2918 noua
866 2854 1007 2918 subsidia
1036 2859 1148 2938 parata
1169 2854 1241 2935 sint,

107 2961 247 3024 maximo
269 2959 369 3023 titulis
384 2958 544 3022 nonnullis
559 2958 703 3042 repertis,
727 2958 841 3042 quibus
857 2957 1053 3024 Graecorum
1077 2959 1240 3043 asylorum

105 3083 157 3132 res
174 3070 359 3146 tractantur,
374 3068 503 3127 auctore
519 3061 656 3127 Rudolio
673 3061 844 3144 Schoellio,
860 3071 1065 3148 praeceptore
1077 3064 1239 3129 carissimo

86 3167 348 3252 ,studiorumque
370 3186 514 3231 meorum
536 3165 659 3230 fautore
680 3166 907 3232 humanissimo
930 3166 971 3231 ad
991 3167 1073 3233 hanc
1087 3187 1152 3233 rem
1169 3188 1239 3252 per·

106 3271 292 3356 quirendam
307 3278 339 3335 et
351 3261 569 3335 illustrandam
586 3269 691 3334 denuo
708 3292 758 3334 me
774 3270 926 3353 conuerti,
945 3290 1007 3355 qua
1022 3271 1240 3357 disquisitione

105 3380 236 3460 peracta
257 3373 297 3438 ad
320 3380 448 3438 mutuas
471 3373 611 3438 rationes
627 3373 770 3460 publicas
794 3395 877 3460 quae
899 3375 980 3439 inter
996 3374 1138 3442 Graecas
1163 3374 1239 3439 ciui·

86 3485 186 3544 tates
207 3481 404 3543 incesserunt
434 3477 546 3542 melius
576 3478 794 3565 percipiendas
823 3500 873 3543 me
897 3479 1039 3544 nonnihil
1068 3479 1238 3544 allaturum

100 3582 202 3648 fuisse
224 3603 329 3666 spero.

207 3686 377 3772 Asylorum
407 3687 601 3771 institutum,
633 3686 716 3772 quod
748 3688 910 3772 proprium
941 3707 1010 3753 esse
1041 3687 1236 3753 Graecorum

102 3791 259 3874 constat,¹
281 3811 345 3855 non
365 3792 469 3856 solum
491 3792 523 3856 in
539 3792 671 3856 urbibus
693 3792 793 3877 ipsius
810 3791 962 3857 Graeciae
985 3793 1157 3876 inuenitur,
1180 3792 1236 3858 sed

98 3895 197 3960 etiarn
220 3896 252 3958 in
275 3895 459 3960 ciuitatibus
481 3895 615 3961 florebat
637 3895 802 3980 permultis
825 3897 923 3960 Asiae
951 3895 1090 3980 minoris,
1113 3895 1234 3982 Syriae,

97 3999 235 4065 aliarum
256 3999 433 4084 regionum.

205 4102 313 4178 Quare
337 4125 407 4168 curn
431 4099 478 4169 ‘de
501 4103 700 4172 Graecorum
723 4101 826 4190 asylis'
852 4105 1018 4170 tractaturi
1040 4105 1148 4188 simus,
1170 4121 1248 4170 non'
1324 4104 1326 4108 ⁴

96 4208 203 4276 solum
225 4203 335 4292 ipsius,
363 4215 400 4272 ut
422 4209 484 4273 huo
507 4229 609 4294 usqne
634 4208 779 4274 fecerunt
807 4209 867 4274 uiri
889 4208 985 4294 docti,
1011 4209 1164 4274 Graeciae
1186 4231 1234 4276 re·

94 4312 268 4399 spiciamus
293 4317 421 4398 oportet
449 4312 550 4398 asyla,
580 4312 638 4378 sed
669 4314 766 4378 etiam
789 4312 830 4377 ad
853 4334 901 4395 ea,
932 4333 1015 4398 quae
1042 4313 1235 4379 exstiterunt

96 4443 306 4458 ..n-ann*-

202 4517 212 4552 1
232 4513 384 4580 Jacnisch,
403 4515 437 4566 dc
456 4513 623 4567 Graecorum
642 4515 727 4582 asylis
745 4530 809 4583 pag.
828 4513 852 4568 6.

152 4610 261 4656 Barth,
275 4609 309 4658 13..
323 4608 357 4650 Da
372 4605 508 4649 Graeeoram
522 4607 599 4659 asylis
1112 4603 1126 4657 1

592 4949 864 5060 300271
944 4977 946 4980 ’
