3180 5178
767 451 972 516 ,44-

304 641 405 706 Taciti
428 643 513 707 locus
537 642 656 707 docet:¹
680 638 794 726 ‘Atque
818 644 921 727 ipsum
944 643 1007 705 illio
1031 640 1086 721 (sc.
1110 643 1141 705 in
1164 641 1288 706 Dianae
1318 644 1443 726 templo

303 753 334 810 et
357 745 461 831 asylo)
477 744 660 830 Apollinem
683 752 755 831 post
777 746 957 810 interfectos
974 745 1131 830 Cyclopas
1147 745 1168 811 J
1171 749 1239 811 ouis
1262 746 1342 810 iram
1357 749 1442 811 uita·

302 852 392 915 uisse.
439 850 516 914 Mox
532 849 687 914 Liberum
709 857 833 935 patrem
856 850 939 914 bello
963 851 1114 914 uictorem
1131 851 1325 935 supplicibus
1341 851 1443 914 Ama·

302 977 423 1033 nonum,
457 976 538 1039 quae
561 976 648 1020 aram
673 954 865 1034 insederant,
896 955 1066 1038 ignouisse.
1112 954 1250 1018 Auctam
1273 955 1344 1019 binc
1367 977 1443 1019 oon-

301 1081 390 1123 cessu
419 1058 581 1140 Herculis,
617 1081 688 1122 cum
711 1057 814 1144 Lydia
846 1059 1015 1142 potiretur,
1048 1059 1271 1122 caerimoniam
1299 1059 1440 1143 templc;

302 1185 404 1248 neque
427 1164 596 1228 Persarum
621 1164 745 1228 dicione
768 1151 965 1227 deminutum
989 1165 1037 1226 ius
1062 1164 1117 1240 (sc.
1140 1162 1248 1247 asyli):
1275 1169 1348 1247 post
1370 1163 1444 1226 Ma-

302 1267 445 1349 cedonas,
464 1267 535 1331 dein
553 1289 608 1331 nos
624 1265 817 1332 seruauisse'.
852 1269 940 1343 Quae
956 1268 1054 1331 uerba
1070 1268 1298 1347 demonstrant,
1315 1265 1442 1332 Dianae

302 1373 460 1457 Ephesiae
484 1373 649 1457 templum,
673 1395 735 1457 qua
758 1380 827 1437 erat
849 1373 1013 1456 religionis
1029 1373 1352 1457 caerimoniarumque
1375 1372 1442 1435 ola-

301 1477 420 1556 ritate,2
444 1477 616 1560 antiquitus
639 1478 707 1541 iure
729 1478 809 1561 asyli
833 1477 928 1542 fuisse
959 1477 1147 1560 praeditum.
1191 1477 1272 1540 Tum
1295 1497 1372 1539 uero
1396 1496 1441 1539 ex

301 1581 403 1644 Taciti
425 1582 606 1645 narratione
630 1580 669 1645 de
687 1580 832 1645 fabulosa
848 1581 928 1665 asyli
942 1580 1042 1644 nostri
1059 1586 1163 1644 aetate
1179 1579 1296 1643 tradita
1311 1576 1442 1642 ἀσυλίαν

300 1685 411 1768 templi
434 1689 615 1748 constanter
640 1685 680 1748 ab
703 1683 849 1770 Ephesiis
873 1705 940 1748 esse
963 1689 1122 1748 seruatum
1146 1691 1296 1768 apparet;
1328 1679 1442 1769 ‘neque

299 1788 470 1852 Persarum
494 1788 619 1852 dicione
638 1789 835 1852 deminutum
859 1785 924 1869 ius’,
952 1788 1036 1872 quod
1058 1789 1125 1852 siue
1148 1788 1283 1852 decretis
1305 1809 1440 1852 renoua-

302 1899 416 1954 uerunt
450 1899 482 1955 et
515 1893 780 1957 confirmauerunt
811 1893 878 1957 siue
913 1893 1037 1956 silentio
1071 1893 1312 1955 transmiserunt
1345 1912 1440 1974 reges

301 1996 487 2060 Persarum:
510 1991 587 2079 ‘post
603 1995 803 2075 Macedonas,
829 1995 903 2059 dein
919 2017 975 2059 nos
991 1994 1048 2077 (sc.
1064 1995 1239 2074 Romanos)
1255 1991 1444 2059 seruauisse’

302 2099 382 2163 deae
404 2100 525 2184 asylum
557 2100 708 2182 probatur
731 2106 763 2163 et
786 2100 961 2164 distinctius
985 2100 1249 2163 circumscribitur
1272 2098 1440 2164 Strabonis

300 2204 379 2284 loco,
403 2203 457 2266 ubi
474 2203 549 2266 dicit
565 2203 701 2285 auctor,3
724 2199 877 2289 ‘quamuis
897 2204 1114 2282 caerimoniae,
1139 2204 1251 2288 quibus
1267 2204 1441 2267 utebantur
1494 2225 1499 2234 ’

299 2305 423 2371 Dianae
438 2306 595 2392 Ephesiae
620 2314 652 2371 ct
674 2307 852 2372 sacerdotes
874 2315 908 2372 et
925 2308 1068 2389 cultores,
1093 2308 1194 2390 magis
1214 2307 1357 2370 minusue
1371 2308 1440 2371 iam

298 2411 463 2494 neglectae
492 2412 563 2492 sint,
596 2406 709 2474 ἄσυλον
736 2411 767 2475 δὲ
788 2409 873 2492 μένει
896 2409 933 2475 td
955 2411 1038 2496 ἱεράν
1061 2414 1109 2474 καὶ
1133 2418 1188 2474 νῦν
1208 2413 1257 2474 καί
1281 2409 1439 2492 πρότερον.

299 2522 354 2598 τῆς
370 2513 524 2592 δ’άοολίας
547 2515 618 2593 τούς
641 2513 730 2596 ὅρους
744 2514 913 2600 άλλαγῆναι
937 2515 1050 2600 συνέβη
1073 2513 1225 2592 πολλάκις,
1241 2514 1441 2600 Ἀλεξάνδρου

299 2616 358 2700 μὲν
388 2619 437 2683 ἐπὶ
468 2619 587 2685 στάδιον
619 2618 819 2698 ἐκτείνοντος,
851 2618 1055 2705 Μιθριδάτου
1087 2619 1121 2682 ts*
1150 2619 1282 2698 τόξευμα
1305 2616 1440 2703 ἀφέντος

298 2720 358 2786 dud
382 2731 439 2805 τῆς
463 2725 570 2806 μανίας
600 2732 656 2788 τοῦ
678 2723 812 2809 κεράμου
842 2726 893 2788 καί
921 2723 1062 2800 δόξαντος
1089 2721 1321 2808 earpualdum
1343 2724 1440 2808 μικροὶ

299 2825 333 2890 τά
365 2826 495 2908 στάδιον,
519 2827 679 2894 Ἀντωνίου
712 2830 743 2893 δὲ
773 2829 1025 2906 διπλασιάσαντος
1055 2833 1144 2893 τουτο
1173 2831 1222 2892 καὶ
1254 2834 1442 2912 συμπεριλα-

299 2928 409 3011 βόντος
433 2934 473 3017 τῇ
495 2930 603 3021 ἀσυλίᾳ
617 2933 709 3016 μέρος
732 2960 759 2996 τι
783 2940 836 3015 τῆς
859 2931 989 3009 πόλεως·
1013 2932 1115 3017 ἐφάνη
1131 2933 1267 2996 aldredro
1284 2929 1440 3017 βλαβεράν

299 3037 348 3099 καὶ
371 3032 423 3099 ἐπὶ
446 3042 505 3112 τοῖς
528 3036 704 3121 κακούργοις
727 3041 833 3102 ποιοῦν
856 3035 914 3117 τήν
936 3036 1033 3117 πόλιν,
1057 3035 1128 3101 ὥστ’
1152 3035 1314 3121 ἠκύρωσεν
1336 3035 1353 3099 ὁ
1372 3036 1439 3100 Σε-

300 3136 413 3221 βαστός
437 3138 582 3226 Καῖσαρ.

409 3244 537 3309 Tiberio
561 3251 667 3309 autem
684 3245 859 3330 imperante
878 3241 980 3329 ‘primi
997 3248 1137 3309 omnium
1152 3244 1283 3329 Ephesii
1299 3243 1441 3324 adiere‚'4

301 3354 337 3411 ut
359 3369 421 3433 quo
444 3349 511 3413 iure
535 3350 659 3434 asylum
682 3349 804 3413 Dianae
832 3349 988 3413 niteretur
1018 3349 1270 3414 demonstrarent
1300 3353 1332 3413 et
1360 3348 1440 3412 iuris

301 3453 382 3537 asyli
406 3454 681 3518 confirmationem
696 3455 811 3518 iterum
826 3454 1034 3538 impetrarent
1049 3475 1070 3544 a
1084 3460 1205 3534 senatu,
1229 3475 1326 3538 penes
1341 3473 1439 3538 quem

300 3553 426 3633 ἀσυλίας
449 3558 636 3622 tribuendae
660 3564 728 3621 tum
755 3559 905 3642 temporis
928 3564 995 3622 erat
1018 3563 1159 3641 potestas
1191 3558 1221 3622 h.
1246 3578 1274 3621 e.
1297 3578 1380 3620 anno
1404 3581 1437 3642 p.

297 3659 371 3726 Chr.
395 3683 426 3725 n.
450 3661 516 3725 225

402 3765 466 3830 Sed
489 3767 585 3830 etiarn
608 3788 627 3830 a
650 3773 760 3831 senatu
784 3766 932 3831 Romano
957 3787 1039 3830 anno
1064 3786 1094 3849 p.
1117 3765 1190 3830 Ohr.
1215 3767 1266 3831 22.
1290 3764 1438 3849 Ephesiis

300 3889 471 3954 eorumque
494 3870 573 3935 deae
595 3871 719 3936 Dianae
743 3871 845 3936 denuc
862 3871 1067 3935 constitutum
1091 3876 1123 3934 et
1139 3870 1362 3935 confirmatum
1385 3876 1436 3934 est

301 3972 381 4056 asyli
402 3972 487 4036 illius
504 3974 702 4038 celeberrimi
721 3975 779 4055 ius,
795 3975 988 4060 quodetiam
1005 3974 1176 4058 posteriore
1192 3978 1333 4057 tempore
1345 3993 1438 4057 prae-

404 4167 412 4201 ¹
435 4179 499 4216 ann.
518 4164 562 4217 III
579 4163 621 4218 61.

402 4249 519 4303 ²Strab.
539 4249 606 4302 XIV
625 4251 640 4304 1
660 4250 675 4316 6
694 4249 737 4303 23.
758 4267 821 4318 pag.
840 4251 860 4303 0
878 4250 937 4305 641.

405 4337 415 4371 s

362 4455 365 4459 -
404 4422 415 4457 ⁴
433 4339 530 4486 lPadit„
549 4438 611 4474 aun.
630 4423 674 4477 III
692 4422 733 4476 61.

406 4508 529 4575 ⁵Taeit-.,
548 4525 610 4562 ann.
632 4509 675 4563 111
695 4509 729 4562 60
747 4513 775 4562 st
792 4508 834 4565 61.
